SYMBOL,DATE,TIME,PRICE,SIZE,G127,CORR,COND,EX
MSFT,20050310,8:00:00,25.41,656,0,0,T,P
MSFT,20050310,8:01:01,25.36,125,0,0,T,C
MSFT,20050310,8:01:01,25.36,219,0,0,T,C
MSFT,20050310,8:01:01,25.36,1000,0,0,T,C
MSFT,20050310,8:01:15,25.36,1000,0,0,T,C
MSFT,20050310,8:02:20,25.32,500,0,0,T,P
MSFT,20050310,8:02:20,25.33,500,0,0,T,C
MSFT,20050310,8:03:07,25.33,150,0,0,T,T
MSFT,20050310,8:06:05,25.36,100,0,0,T,C
MSFT,20050310,8:06:08,25.37,156,0,0,T,P
MSFT,20050310,8:06:37,25.36,200,0,0,T,C
MSFT,20050310,8:06:54,25.36,200,0,0,T,C
MSFT,20050310,8:09:26,25.36,1000,0,0,T,C
MSFT,20050310,8:10:12,25.36,1800,0,0,T,C
MSFT,20050310,8:11:01,25.37,144,0,0,T,P
MSFT,20050310,8:14:34,25.37,200,0,0,T,P
MSFT,20050310,8:23:11,25.38,100,0,0,T,P
MSFT,20050310,8:23:12,25.4,500,0,0,T,P
MSFT,20050310,8:23:13,25.4,500,0,0,T,T
MSFT,20050310,8:23:14,25.4,500,0,0,T,C
MSFT,20050310,8:23:47,25.4,100,0,0,T,C
MSFT,20050310,8:24:07,25.41,900,0,0,T,P
MSFT,20050310,8:24:16,25.41,900,0,0,T,P
MSFT,20050310,8:26:29,25.4,1000,0,0,T,C
MSFT,20050310,8:26:30,25.4,4000,0,0,T,C
MSFT,20050310,8:26:56,25.4,300,0,0,T,C
MSFT,20050310,8:27:32,25.4,500,0,0,T,C
MSFT,20050310,8:27:48,25.4,200,0,0,T,C
MSFT,20050310,8:27:48,25.4,100,0,0,T,C
MSFT,20050310,8:28:51,25.4,100,0,0,T,C
MSFT,20050310,8:32:24,25.4,600,0,0,T,C
MSFT,20050310,8:34:18,25.4,200,0,0,T,C
MSFT,20050310,8:34:18,25.4,100,0,0,T,C
MSFT,20050310,8:34:18,25.4,1664,0,0,T,C
MSFT,20050310,8:35:11,25.4,1000,0,0,T,C
MSFT,20050310,8:35:11,25.4,1000,0,0,T,C
MSFT,20050310,8:36:37,25.4,1000,0,0,T,C
MSFT,20050310,8:36:37,25.4,1500,0,0,T,C
MSFT,20050310,8:36:49,25.39,400,0,0,T,P
MSFT,20050310,8:37:21,25.4,400,0,0,T,P
MSFT,20050310,8:39:25,25.4,900,0,0,T,C
MSFT,20050310,8:39:36,25.4,100,0,0,T,C
MSFT,20050310,8:39:36,25.4,2400,0,0,T,C
MSFT,20050310,8:41:09,25.4,1000,0,0,T,C
MSFT,20050310,8:41:09,25.4,736,0,0,T,C
MSFT,20050310,8:43:32,25.4,1000,0,0,T,C
MSFT,20050310,8:43:32,25.4,2000,0,0,T,C
MSFT,20050310,8:43:37,25.4,1000,0,0,T,C
MSFT,20050310,8:43:37,25.4,500,0,0,T,C
MSFT,20050310,8:44:51,25.4,1000,0,0,T,C
MSFT,20050310,8:44:51,25.4,2000,0,0,T,C
MSFT,20050310,8:46:17,25.41,1539,0,0,T,C
MSFT,20050310,8:46:17,25.42,461,0,0,T,C
MSFT,20050310,8:50:33,25.4,1000,0,0,T,C
MSFT,20050310,8:51:49,25.4,500,0,0,T,C
MSFT,20050310,8:52:32,25.4,500,0,0,T,C
MSFT,20050310,8:52:32,25.4,20000,0,0,T,C
MSFT,20050310,8:59:16,25.39,500,0,0,T,C
MSFT,20050310,9:06:16,25.38,900,0,0,T,P
MSFT,20050310,9:06:31,25.39,200,0,0,T,T
MSFT,20050310,9:06:37,25.39,1300,0,0,T,T
MSFT,20050310,9:07:07,25.39,100,0,0,T,C
MSFT,20050310,9:07:07,25.39,4900,0,0,T,C
MSFT,20050310,9:09:02,25.4,100,0,0,T,P
MSFT,20050310,9:09:02,25.4,1900,0,0,T,P
MSFT,20050310,9:09:55,25.4,600,0,0,T,P
MSFT,20050310,9:09:55,25.4,3200,0,0,T,P
MSFT,20050310,9:09:55,25.4,1000,0,0,T,C
MSFT,20050310,9:09:55,25.4,1000,0,0,T,C
MSFT,20050310,9:09:55,25.4,1000,0,0,T,P
MSFT,20050310,9:09:55,25.4,1500,0,0,T,P
MSFT,20050310,9:09:55,25.41,1000,0,0,T,C
MSFT,20050310,9:09:55,25.42,2036,0,0,T,C
MSFT,20050310,9:09:56,25.4,2964,0,0,T,T
MSFT,20050310,9:09:56,25.55,1500,0,0,T,T
MSFT,20050310,9:09:56,25.69,1000,0,0,T,T
MSFT,20050310,9:09:56,25.73,3186,0,0,T,T
MSFT,20050310,9:09:56,25.42,114,0,0,T,T
MSFT,20050310,9:11:13,25.41,1200,0,0,T,C
MSFT,20050310,9:11:13,25.4,100,0,0,T,C
MSFT,20050310,9:11:13,25.4,600,0,0,T,C
MSFT,20050310,9:14:55,25.41,1050,0,0,T,P
MSFT,20050310,9:14:55,25.41,400,0,0,T,P
MSFT,20050310,9:14:55,25.41,550,0,0,T,P
MSFT,20050310,9:16:38,25.41,350,0,0,T,P
MSFT,20050310,9:16:38,25.41,836,0,0,T,P
MSFT,20050310,9:23:56,25.4,100,0,0,T,C
MSFT,20050310,9:23:56,25.4,850,0,0,T,C
MSFT,20050310,9:23:56,25.4,1200,0,0,T,C
MSFT,20050310,9:25:00,25.36,100,0,0,T,T
MSFT,20050310,9:25:00,25.4,100,0,0,T,T
MSFT,20050310,9:25:00,25.4,100,0,0,T,T
MSFT,20050310,9:25:00,25.35,100,0,0,T,T
MSFT,20050310,9:25:00,25.4,100,0,0,T,T
MSFT,20050310,9:25:01,25.4,100,0,0,T,C
MSFT,20050310,9:25:02,25.4,900,0,0,T,C
MSFT,20050310,9:25:51,25.41,200,0,0,T,C
MSFT,20050310,9:25:51,25.41,600,0,0,T,C
MSFT,20050310,9:25:51,25.41,1700,0,0,T,P
MSFT,20050310,9:25:51,25.41,100,0,0,T,T
MSFT,20050310,9:25:51,25.41,100,0,0,T,T
MSFT,20050310,9:25:52,25.41,1000,0,0,T,T
MSFT,20050310,9:25:52,25.41,1300,0,0,T,T
MSFT,20050310,9:25:56,25.41,600,0,0,T,P
MSFT,20050310,9:25:56,25.41,400,0,0,T,T
MSFT,20050310,9:26:30,25.4,100,0,0,T,C
MSFT,20050310,9:26:30,25.4,600,0,0,T,C
MSFT,20050310,9:26:30,25.4,600,0,0,T,C
MSFT,20050310,9:26:30,25.4,2400,0,0,T,C
MSFT,20050310,9:26:30,25.4,100,0,0,T,C
MSFT,20050310,9:26:30,25.4,1500,0,0,T,C
MSFT,20050310,9:26:30,25.4,100,0,0,T,C
MSFT,20050310,9:26:30,25.4,1000,0,0,T,C
MSFT,20050310,9:26:30,25.4,100,0,0,T,C
MSFT,20050310,9:26:30,25.4,3100,0,0,T,C
MSFT,20050310,9:26:31,25.4,400,0,0,T,T
MSFT,20050310,9:26:42,25.4,100,0,0,T,C
MSFT,20050310,9:26:42,25.4,1800,0,0,T,C
MSFT,20050310,9:26:52,25.4,100,0,0,T,C
MSFT,20050310,9:26:52,25.4,100,0,0,T,C
MSFT,20050310,9:26:52,25.4,1700,0,0,T,C
MSFT,20050310,9:27:02,25.4,100,0,0,T,C
MSFT,20050310,9:27:02,25.4,1100,0,0,T,C
MSFT,20050310,9:27:29,25.41,11500,0,0,T,P
MSFT,20050310,9:27:29,25.41,5700,0,0,T,P
MSFT,20050310,9:27:29,25.41,300,0,0,T,T
MSFT,20050310,9:27:29,25.41,2500,0,0,T,P
MSFT,20050310,9:27:55,25.41,164,0,0,T,P
MSFT,20050310,9:28:08,25.42,400,0,0,T,P
MSFT,20050310,9:28:09,25.42,600,0,0,T,P
MSFT,20050310,9:28:09,25.42,2000,0,0,T,P
MSFT,20050310,9:28:14,25.41,1000,0,0,T,T
MSFT,20050310,9:28:14,25.42,403,0,0,T,C
MSFT,20050310,9:28:14,25.42,2000,0,0,T,C
MSFT,20050310,9:28:14,25.42,600,0,0,T,C
MSFT,20050310,9:28:14,25.42,600,0,0,T,C
MSFT,20050310,9:28:14,25.42,1000,0,0,T,C
MSFT,20050310,9:28:14,25.42,1400,0,0,T,C
MSFT,20050310,9:28:18,25.43,400,0,0,T,P
MSFT,20050310,9:28:23,25.43,1000,0,0,T,C
MSFT,20050310,9:28:25,25.43,100,0,0,T,T
MSFT,20050310,9:28:25,25.43,100,0,0,T,T
MSFT,20050310,9:28:25,25.43,800,0,0,T,C
MSFT,20050310,9:28:25,25.43,100,0,0,T,T
MSFT,20050310,9:28:28,25.44,900,0,0,T,P
MSFT,20050310,9:28:28,25.44,400,0,0,T,P
MSFT,20050310,9:28:28,25.44,300,0,0,T,P
MSFT,20050310,9:28:29,25.44,3000,0,0,T,C
MSFT,20050310,9:28:29,25.44,100,0,0,T,T
MSFT,20050310,9:28:30,25.45,400,0,0,T,P
MSFT,20050310,9:28:30,25.45,300,0,0,T,P
MSFT,20050310,9:28:33,25.45,100,0,0,T,T
MSFT,20050310,9:28:33,25.45,100,0,0,T,T
MSFT,20050310,9:28:33,25.45,100,0,0,T,T
MSFT,20050310,9:28:33,25.45,100,0,0,T,T
MSFT,20050310,9:28:33,25.45,100,0,0,T,T
MSFT,20050310,9:28:33,25.45,500,0,0,T,T
MSFT,20050310,9:28:33,25.45,500,0,0,T,T
MSFT,20050310,9:28:33,25.45,500,0,0,T,T
MSFT,20050310,9:28:33,25.45,500,0,0,T,T
MSFT,20050310,9:28:33,25.45,100,0,0,T,T
MSFT,20050310,9:28:33,25.45,300,0,0,T,T
MSFT,20050310,9:28:33,25.45,100,0,0,T,T
MSFT,20050310,9:28:33,25.45,400,0,0,T,T
MSFT,20050310,9:28:33,25.45,600,0,0,T,T
MSFT,20050310,9:28:34,25.45,400,0,0,T,T
MSFT,20050310,9:28:37,25.45,600,0,0,T,C
MSFT,20050310,9:28:37,25.45,400,0,0,T,C
MSFT,20050310,9:28:37,25.45,200,0,0,T,C
MSFT,20050310,9:28:37,25.45,100,0,0,T,C
MSFT,20050310,9:28:37,25.45,200,0,0,T,C
MSFT,20050310,9:28:40,25.44,100,0,0,T,P
MSFT,20050310,9:28:40,25.44,100,0,0,T,T
MSFT,20050310,9:28:41,25.44,100,0,0,T,C
MSFT,20050310,9:28:43,25.45,500,0,0,T,C
MSFT,20050310,9:28:46,25.44,100,0,0,T,P
MSFT,20050310,9:29:18,25.44,100,0,0,T,P
MSFT,20050310,9:29:18,25.44,100,0,0,T,P
MSFT,20050310,9:29:18,25.44,2400,0,0,T,P
MSFT,20050310,9:29:18,25.44,100,0,0,T,C
MSFT,20050310,9:29:18,25.44,800,0,0,T,C
MSFT,20050310,9:29:20,25.44,100,0,0,T,P
MSFT,20050310,9:29:20,25.44,1500,0,0,T,P
MSFT,20050310,9:29:24,25.44,100,0,0,T,P
MSFT,20050310,9:29:24,25.44,900,0,0,T,P
MSFT,20050310,9:29:26,25.44,1000,0,0,T,T
MSFT,20050310,9:29:26,25.44,100,0,0,T,T
MSFT,20050310,9:29:26,25.44,100,0,0,T,P
MSFT,20050310,9:29:27,25.44,100,0,0,T,P
MSFT,20050310,9:29:27,25.44,1551,0,0,T,P
MSFT,20050310,9:29:30,25.44,600,0,0,T,C
MSFT,20050310,9:29:30,25.44,400,0,0,T,C
MSFT,20050310,9:29:52,25.43,2052,0,0,T,T
MSFT,20050310,9:29:54,25.43,2052,0,0,T,T
MSFT,20050310,9:29:56,25.43,400,0,0,T,C
MSFT,20050310,9:29:56,25.43,600,0,0,T,C
MSFT,20050310,9:29:56,25.43,100,0,0,T,C
MSFT,20050310,9:29:56,25.43,100,0,0,T,C
MSFT,20050310,9:29:56,25.43,100,0,0,T,C
MSFT,20050310,9:29:56,25.43,300,0,0,T,C
MSFT,20050310,9:29:56,25.43,500,0,0,T,C
MSFT,20050310,9:29:56,25.43,300,0,0,T,C
MSFT,20050310,9:29:56,25.43,300,0,0,T,C
MSFT,20050310,9:29:56,25.43,400,0,0,T,C
MSFT,20050310,9:29:56,25.43,1900,0,0,T,C
MSFT,20050310,9:29:57,25.43,205,0,0,T,T
MSFT,20050310,9:29:58,25.43,205,0,0,T,T
MSFT,20050310,9:29:58,25.43,205,0,0,T,T
MSFT,20050310,9:29:59,25.43,205,0,0,T,T
MSFT,20050310,9:29:59,25.43,205,0,0,T,T
MSFT,20050310,9:30:00,25.43,500,0,0,,P
MSFT,20050310,9:30:00,25.42,150,0,0,O,P
MSFT,20050310,9:30:00,25.42,134,0,0,O,P
MSFT,20050310,9:30:00,25.43,2000,0,0,,C
MSFT,20050310,9:30:00,25.43,400,0,0,,C
MSFT,20050310,9:30:00,25.43,200,0,0,,C
MSFT,20050310,9:30:00,25.42,100,0,0,,C
MSFT,20050310,9:30:00,25.42,484,0,0,,P
MSFT,20050310,9:30:00,25.42,700,0,0,,P
MSFT,20050310,9:30:00,25.43,250,0,0,,P
MSFT,20050310,9:30:00,25.42,100,0,0,,T
MSFT,20050310,9:30:00,25.43,500,0,0,,T
MSFT,20050310,9:30:00,25.42,558,0,0,,T
MSFT,20050310,9:30:00,25.42,100,0,0,,C
MSFT,20050310,9:30:00,25.42,200,0,0,,C
MSFT,20050310,9:30:00,25.43,500,0,0,,T
MSFT,20050310,9:30:00,25.43,200,0,0,,T
MSFT,20050310,9:30:00,25.42,350,0,0,,T
MSFT,20050310,9:30:01,25.42,300,0,0,,C
MSFT,20050310,9:30:01,25.42,100,0,0,,T
MSFT,20050310,9:30:01,25.43,100,0,0,,T
MSFT,20050310,9:30:01,25.42,200,0,0,,C
MSFT,20050310,9:30:01,25.42,2000,0,0,,C
MSFT,20050310,9:30:01,25.42,1300,0,0,,C
MSFT,20050310,9:30:01,25.42,700,0,0,,C
MSFT,20050310,9:30:01,25.42,700,0,0,,C
MSFT,20050310,9:30:01,25.42,400,0,0,,C
MSFT,20050310,9:30:01,25.42,100,0,0,,P
MSFT,20050310,9:30:01,25.42,1000,0,0,,C
MSFT,20050310,9:30:01,25.42,1000,0,0,,C
MSFT,20050310,9:30:01,25.42,200,0,0,,C
MSFT,20050310,9:30:01,25.42,500,0,0,,C
MSFT,20050310,9:30:01,25.42,100,0,0,,T
MSFT,20050310,9:30:01,25.42,500,0,0,,T
MSFT,20050310,9:30:01,25.425,200,0,0,,M
MSFT,20050310,9:30:01,25.425,100,0,0,,M
MSFT,20050310,9:30:01,25.425,100,0,0,,M
MSFT,20050310,9:30:01,25.425,199,0,0,,M
MSFT,20050310,9:30:01,25.425,200,0,0,,M
MSFT,20050310,9:30:01,25.425,210,0,0,,M
MSFT,20050310,9:30:01,25.425,100,0,0,,M
MSFT,20050310,9:30:01,25.425,1369,0,0,,M
MSFT,20050310,9:30:01,25.43,7300,0,0,,M
MSFT,20050310,9:30:01,25.42,450,0,0,,T
MSFT,20050310,9:30:01,25.42,477,0,0,,T
MSFT,20050310,9:30:01,25.42,300,0,0,,T
MSFT,20050310,9:30:01,25.42,210,0,0,,T
MSFT,20050310,9:30:01,25.42,185,0,0,,T
MSFT,20050310,9:30:01,25.42,1000,0,0,,T
MSFT,20050310,9:30:01,25.42,1500,0,0,,T
MSFT,20050310,9:30:01,25.45,404920,0,0,,T
MSFT,20050310,9:30:01,25.42,140,0,0,,T
MSFT,20050310,9:30:02,25.43,100,0,0,,T
MSFT,20050310,9:30:02,25.43,100,0,0,,T
MSFT,20050310,9:30:02,25.41,331,0,0,,C
MSFT,20050310,9:30:02,25.43,400,0,0,,T
MSFT,20050310,9:30:02,25.42,100,0,0,,T
MSFT,20050310,9:30:02,25.42,450,0,0,,T
MSFT,20050310,9:30:02,25.42,1000,0,0,,T
MSFT,20050310,9:30:02,25.42,200,0,0,,T
MSFT,20050310,9:30:02,25.42,100,0,0,,T
MSFT,20050310,9:30:02,25.42,500,0,0,,T
MSFT,20050310,9:30:02,25.42,600,0,0,,T
MSFT,20050310,9:30:02,25.42,477,0,0,,T
MSFT,20050310,9:30:02,25.42,523,0,0,,T
MSFT,20050310,9:30:02,25.42,400,0,0,,T
MSFT,20050310,9:30:02,25.43,1000,0,0,,T
MSFT,20050310,9:30:02,25.42,111,0,0,,T
MSFT,20050310,9:30:02,25.42,135,0,0,,T
MSFT,20050310,9:30:02,25.43,500,0,0,,T
MSFT,20050310,9:30:03,25.42,112,0,0,,T
MSFT,20050310,9:30:03,25.42,1225,0,0,,T
MSFT,20050310,9:30:03,25.42,490,0,0,,T
MSFT,20050310,9:30:03,25.42,459,0,0,,T
MSFT,20050310,9:30:03,25.42,4000,0,0,,T
MSFT,20050310,9:30:03,25.42,6775,0,0,,T
MSFT,20050310,9:30:03,25.43,1000,0,0,,T
MSFT,20050310,9:30:03,25.42,100,0,0,,T
MSFT,20050310,9:30:03,25.43,113,0,0,,T
MSFT,20050310,9:30:03,25.43,500,0,0,,T
MSFT,20050310,9:30:03,25.42,200,0,0,,T
MSFT,20050310,9:30:03,25.42,100,0,0,,T
MSFT,20050310,9:30:04,25.425,134,0,0,,T
MSFT,20050310,9:30:04,25.42,204,0,0,,T
MSFT,20050310,9:30:04,25.42,130,0,0,,C
MSFT,20050310,9:30:04,25.425,116,0,0,,T
MSFT,20050310,9:30:04,25.42,1600,0,0,,P
MSFT,20050310,9:30:04,25.42,120,0,0,,C
MSFT,20050310,9:30:04,25.42,600,0,0,,C
MSFT,20050310,9:30:04,25.42,600,0,0,,C
MSFT,20050310,9:30:04,25.42,2000,0,0,,C
MSFT,20050310,9:30:04,25.42,2000,0,0,,C
MSFT,20050310,9:30:04,25.42,400,0,0,,C
MSFT,20050310,9:30:04,25.42,1000,0,0,,C
MSFT,20050310,9:30:04,25.42,1000,0,0,,C
MSFT,20050310,9:30:04,25.42,300,0,0,,C
MSFT,20050310,9:30:04,25.42,500,0,0,,C
MSFT,20050310,9:30:04,25.42,700,0,0,,C
MSFT,20050310,9:30:04,25.42,300,0,0,,C
MSFT,20050310,9:30:04,25.42,300,0,0,,C
MSFT,20050310,9:30:04,25.42,180,0,0,,C
MSFT,20050310,9:30:04,25.425,200,0,0,,T
MSFT,20050310,9:30:05,25.425,500,0,0,,T
MSFT,20050310,9:30:05,25.45,387,0,0,,T
MSFT,20050310,9:30:05,25.425,284,0,0,,T
MSFT,20050310,9:30:05,25.42,100,0,0,,C
MSFT,20050310,9:30:05,25.42,200,0,0,,C
MSFT,20050310,9:30:05,25.42,1000,0,0,,C
MSFT,20050310,9:30:05,25.42,700,0,0,,C
MSFT,20050310,9:30:05,25.42,300,0,0,,C
MSFT,20050310,9:30:05,25.42,300,0,0,,C
MSFT,20050310,9:30:05,25.42,300,0,0,,C
MSFT,20050310,9:30:06,25.42,825,0,0,,P
MSFT,20050310,9:30:06,25.42,4775,0,0,,P
MSFT,20050310,9:30:06,25.42,700,0,0,,P
MSFT,20050310,9:30:06,25.42,300,0,0,,P
MSFT,20050310,9:30:06,25.42,500,0,0,,P
MSFT,20050310,9:30:06,25.42,100,0,0,,C
MSFT,20050310,9:30:06,25.42,500,0,0,,C
MSFT,20050310,9:30:06,25.42,180,0,0,,C
MSFT,20050310,9:30:06,25.42,120,0,0,,C
MSFT,20050310,9:30:06,25.42,700,0,0,,C
MSFT,20050310,9:30:06,25.42,500,0,0,,C
MSFT,20050310,9:30:06,25.42,300,0,0,,C
MSFT,20050310,9:30:06,25.42,250,0,0,,C
MSFT,20050310,9:30:06,25.42,600,0,0,,C
MSFT,20050310,9:30:06,25.42,150,0,0,,C
MSFT,20050310,9:30:06,25.42,100,0,0,,C
MSFT,20050310,9:30:06,25.42,350,0,0,,C
MSFT,20050310,9:30:06,25.42,700,0,0,,C
MSFT,20050310,9:30:06,25.42,200,0,0,,C
MSFT,20050310,9:30:06,25.42,275,0,0,,T
MSFT,20050310,9:30:06,25.42,134,0,0,,T
MSFT,20050310,9:30:06,25.42,100,0,0,,T
MSFT,20050310,9:30:06,25.42,700,0,0,,T
MSFT,20050310,9:30:06,25.42,300,0,0,,T
MSFT,20050310,9:30:06,25.42,100,0,0,,T
MSFT,20050310,9:30:06,25.42,200,0,0,,T
MSFT,20050310,9:30:06,25.42,500,0,0,,T
MSFT,20050310,9:30:06,25.42,100,0,0,,T
MSFT,20050310,9:30:06,25.42,450,0,0,,T
MSFT,20050310,9:30:06,25.42,223,0,0,,T
MSFT,20050310,9:30:06,25.42,100,0,0,,T
MSFT,20050310,9:30:06,25.43,125,0,0,,T
MSFT,20050310,9:30:06,25.42,100,0,0,,T
MSFT,20050310,9:30:06,25.42,2786,0,0,,T
MSFT,20050310,9:30:06,25.42,200,0,0,,T
MSFT,20050310,9:30:06,25.42,1900,0,0,,T
MSFT,20050310,9:30:06,25.42,100,0,0,,T
MSFT,20050310,9:30:06,25.42,300,0,0,,T
MSFT,20050310,9:30:06,25.42,200,0,0,,T
MSFT,20050310,9:30:06,25.42,100,0,0,,T
MSFT,20050310,9:30:06,25.42,1900,0,0,,T
MSFT,20050310,9:30:06,25.42,200,0,0,,T
MSFT,20050310,9:30:06,25.4202,425,0,0,,T
MSFT,20050310,9:30:07,25.42,2000,0,0,,T
MSFT,20050310,9:30:07,25.42,2191,0,0,,T
MSFT,20050310,9:30:07,25.42,200,0,0,,T
MSFT,20050310,9:30:07,25.42,300,0,0,,T
MSFT,20050310,9:30:07,25.42,309,0,0,,T
MSFT,20050310,9:30:07,25.42,441,0,0,,T
MSFT,20050310,9:30:07,25.42,650,0,0,,T
MSFT,20050310,9:30:07,25.42,1000,0,0,,T
MSFT,20050310,9:30:07,25.42,600,0,0,,C
MSFT,20050310,9:30:07,25.4298,425,0,0,,T
MSFT,20050310,9:30:07,25.45,100,0,0,,T
MSFT,20050310,9:30:07,25.42,300,0,0,,P
MSFT,20050310,9:30:07,25.41,1028,0,0,,T
MSFT,20050310,9:30:07,25.45,500,0,0,,T
MSFT,20050310,9:30:07,25.45,1500,0,0,,T
MSFT,20050310,9:30:07,25.45,120,0,0,,T
MSFT,20050310,9:30:07,25.45,200,0,0,,T
MSFT,20050310,9:30:07,25.45,100,0,0,,T
MSFT,20050310,9:30:07,25.45,100,0,0,,T
MSFT,20050310,9:30:07,25.45,100,0,0,,T
MSFT,20050310,9:30:07,25.45,250,0,0,,T
MSFT,20050310,9:30:07,25.45,520,0,0,,T
MSFT,20050310,9:30:07,25.42,200,0,0,,T
MSFT,20050310,9:30:07,25.42,1000,0,0,,T
MSFT,20050310,9:30:07,25.42,500,0,0,,T
MSFT,20050310,9:30:07,25.42,2000,0,0,,T
MSFT,20050310,9:30:07,25.42,100,0,0,,T
MSFT,20050310,9:30:07,25.45,400,0,0,,T
MSFT,20050310,9:30:07,25.45,100,0,0,,T
MSFT,20050310,9:30:07,25.45,2000,0,0,,T
MSFT,20050310,9:30:07,25.45,1225,0,0,,T
MSFT,20050310,9:30:07,25.43,400,0,0,,T
MSFT,20050310,9:30:07,25.45,280,0,0,,T
MSFT,20050310,9:30:07,25.42,600,0,0,,C
MSFT,20050310,9:30:07,25.42,600,0,0,,C
MSFT,20050310,9:30:07,25.42,1000,0,0,,C
MSFT,20050310,9:30:07,25.42,900,0,0,,C
MSFT,20050310,9:30:07,25.42,200,0,0,,C
MSFT,20050310,9:30:07,25.42,500,0,0,,C
MSFT,20050310,9:30:07,25.42,600,0,0,,C
MSFT,20050310,9:30:07,25.42,1000,0,0,,C
MSFT,20050310,9:30:07,25.42,250,0,0,,C
MSFT,20050310,9:30:07,25.42,250,0,0,,C
MSFT,20050310,9:30:07,25.42,191,0,0,,C
MSFT,20050310,9:30:07,25.45,2730,0,0,,T
MSFT,20050310,9:30:07,25.45,100,0,0,,T
MSFT,20050310,9:30:07,25.42,250,0,0,,C
MSFT,20050310,9:30:07,25.42,191,0,0,,C
MSFT,20050310,9:30:07,25.42,141,0,0,,C
MSFT,20050310,9:30:07,25.42,700,0,0,,C
MSFT,20050310,9:30:07,25.42,250,0,0,,C
MSFT,20050310,9:30:07,25.42,500,0,0,,C
MSFT,20050310,9:30:08,25.45,540,0,0,,T
MSFT,20050310,9:30:08,25.4202,475,0,0,,T
MSFT,20050310,9:30:08,25.45,200,0,0,,T
MSFT,20050310,9:30:08,25.45,650,0,0,,T
MSFT,20050310,9:30:08,25.4298,475,0,0,,T
MSFT,20050310,9:30:08,25.43,200,0,0,,T
MSFT,20050310,9:30:08,25.42,250,0,0,,C
MSFT,20050310,9:30:08,25.42,700,0,0,,C
MSFT,20050310,9:30:08,25.45,100,0,0,,T
MSFT,20050310,9:30:08,25.42,1000,0,0,,C
MSFT,20050310,9:30:08,25.42,1000,0,0,,C
MSFT,20050310,9:30:08,25.42,373,0,0,,C
MSFT,20050310,9:30:08,25.42,227,0,0,,C
MSFT,20050310,9:30:08,25.45,800,0,0,,T
MSFT,20050310,9:30:08,25.42,200,0,0,,P
MSFT,20050310,9:30:08,25.42,100,0,0,,P
MSFT,20050310,9:30:08,25.42,300,0,0,,P
MSFT,20050310,9:30:08,25.42,300,0,0,,P
MSFT,20050310,9:30:08,25.42,1000,0,0,,P
MSFT,20050310,9:30:08,25.42,100,0,0,,P
MSFT,20050310,9:30:08,25.42,500,0,0,,P
MSFT,20050310,9:30:08,25.42,527,0,0,,C
MSFT,20050310,9:30:08,25.42,600,0,0,,C
MSFT,20050310,9:30:08,25.42,1873,0,0,,C
MSFT,20050310,9:30:08,25.42,600,0,0,,C
MSFT,20050310,9:30:08,25.42,600,0,0,,C
MSFT,20050310,9:30:08,25.42,1000,0,0,,C
MSFT,20050310,9:30:08,25.42,600,0,0,,C
MSFT,20050310,9:30:08,25.42,400,0,0,,C
MSFT,20050310,9:30:08,25.42,1000,0,0,,C
MSFT,20050310,9:30:08,25.42,700,0,0,,C
MSFT,20050310,9:30:08,25.42,1800,0,0,,C
MSFT,20050310,9:30:08,25.42,227,0,0,,C
MSFT,20050310,9:30:08,25.42,332,0,0,,C
MSFT,20050310,9:30:08,25.42,200,0,0,,C
MSFT,20050310,9:30:08,25.42,600,0,0,,C
MSFT,20050310,9:30:08,25.42,600,0,0,,C
MSFT,20050310,9:30:08,25.45,614,0,0,,T
MSFT,20050310,9:30:09,25.45,200,0,0,,T
MSFT,20050310,9:30:09,25.45,1500,0,0,,T
MSFT,20050310,9:30:09,25.45,100,0,0,,T
MSFT,20050310,9:30:09,25.45,144,0,0,,T
MSFT,20050310,9:30:09,25.45,200,0,0,,T
MSFT,20050310,9:30:09,25.45,1160,0,0,,T
MSFT,20050310,9:30:09,25.45,120,0,0,,T
MSFT,20050310,9:30:09,25.45,400,0,0,,T
MSFT,20050310,9:30:09,25.45,800,0,0,,T
MSFT,20050310,9:30:09,25.45,1600,0,0,,T
MSFT,20050310,9:30:09,25.42,200,0,0,,C
MSFT,20050310,9:30:09,25.42,600,0,0,,C
MSFT,20050310,9:30:09,25.42,500,0,0,,C
MSFT,20050310,9:30:09,25.42,600,0,0,,C
MSFT,20050310,9:30:09,25.42,600,0,0,,C
MSFT,20050310,9:30:09,25.42,200,0,0,,C
MSFT,20050310,9:30:09,25.42,700,0,0,,C
MSFT,20050310,9:30:09,25.42,1000,0,0,,C
MSFT,20050310,9:30:09,25.42,1000,0,0,,C
MSFT,20050310,9:30:09,25.42,200,0,0,,T
MSFT,20050310,9:30:09,25.45,265,0,0,,T
MSFT,20050310,9:30:09,25.42,300,0,0,,P
MSFT,20050310,9:30:09,25.42,200,0,0,,P
MSFT,20050310,9:30:09,25.42,100,0,0,,P
MSFT,20050310,9:30:09,25.42,300,0,0,,P
MSFT,20050310,9:30:09,25.45,100,0,0,,T
MSFT,20050310,9:30:09,25.42,700,0,0,,P
MSFT,20050310,9:30:09,25.42,200,0,0,,C
MSFT,20050310,9:30:09,25.45,385,0,0,,T
MSFT,20050310,9:30:09,25.45,197,0,0,,T
MSFT,20050310,9:30:09,25.45,1000,0,0,,T
MSFT,20050310,9:30:09,25.45,113,0,0,,T
MSFT,20050310,9:30:09,25.45,400,0,0,,T
MSFT,20050310,9:30:09,25.45,320,0,0,,T
MSFT,20050310,9:30:10,25.42,800,0,0,,C
MSFT,20050310,9:30:10,25.42,718,0,0,,C
MSFT,20050310,9:30:10,25.42,300,0,0,,T
MSFT,20050310,9:30:10,25.42,300,0,0,,T
MSFT,20050310,9:30:10,25.45,260,0,0,,T
MSFT,20050310,9:30:10,25.45,115,0,0,,T
MSFT,20050310,9:30:10,25.42,100,0,0,,P
MSFT,20050310,9:30:10,25.42,400,0,0,,P
MSFT,20050310,9:30:10,25.42,700,0,0,,P
MSFT,20050310,9:30:10,25.42,282,0,0,,C
MSFT,20050310,9:30:10,25.42,600,0,0,,C
MSFT,20050310,9:30:10,25.42,600,0,0,,C
MSFT,20050310,9:30:10,25.42,218,0,0,,C
MSFT,20050310,9:30:10,25.42,382,0,0,,C
MSFT,20050310,9:30:10,25.43,100,0,0,,T
MSFT,20050310,9:30:10,25.43,1000,0,0,,T
MSFT,20050310,9:30:10,25.43,100,0,0,,T
MSFT,20050310,9:30:10,25.43,1000,0,0,,T
MSFT,20050310,9:30:10,25.43,100,0,0,,T
MSFT,20050310,9:30:10,25.43,200,0,0,,T
MSFT,20050310,9:30:10,25.43,500,0,0,,T
MSFT,20050310,9:30:10,25.43,300,0,0,,T
MSFT,20050310,9:30:10,25.42,500,0,0,,P
MSFT,20050310,9:30:10,25.42,200,0,0,,C
MSFT,20050310,9:30:10,25.42,2018,0,0,,C
MSFT,20050310,9:30:10,25.43,100,0,0,,T
MSFT,20050310,9:30:10,25.43,300,0,0,,T
MSFT,20050310,9:30:10,25.42,500,0,0,,P
MSFT,20050310,9:30:10,25.42,982,0,0,,C
MSFT,20050310,9:30:10,25.42,918,0,0,,C
MSFT,20050310,9:30:10,25.42,1000,0,0,,C
MSFT,20050310,9:30:10,25.42,1000,0,0,,C
MSFT,20050310,9:30:10,25.42,200,0,0,,C
MSFT,20050310,9:30:10,25.42,500,0,0,,C
MSFT,20050310,9:30:10,25.42,118,0,0,,C
MSFT,20050310,9:30:10,25.45,200,0,0,,T
MSFT,20050310,9:30:10,25.42,400,0,0,,T
MSFT,20050310,9:30:10,25.42,200,0,0,,T
MSFT,20050310,9:30:10,25.42,100,0,0,,T
MSFT,20050310,9:30:10,25.42,100,0,0,,T
MSFT,20050310,9:30:10,25.42,500,0,0,,T
MSFT,20050310,9:30:10,25.42,1000,0,0,,T
MSFT,20050310,9:30:10,25.42,100,0,0,,T
MSFT,20050310,9:30:10,25.42,100,0,0,,T
MSFT,20050310,9:30:10,25.45,305,0,0,,T
MSFT,20050310,9:30:10,25.45,200,0,0,,T
MSFT,20050310,9:30:10,25.42,500,0,0,,P
MSFT,20050310,9:30:10,25.45,250,0,0,,T
MSFT,20050310,9:30:11,25.42,882,0,0,,C
MSFT,20050310,9:30:11,25.42,1000,0,0,,C
MSFT,20050310,9:30:11,25.42,1000,0,0,,C
MSFT,20050310,9:30:11,25.42,100,0,0,,C
MSFT,20050310,9:30:11,25.42,500,0,0,,C
MSFT,20050310,9:30:11,25.42,200,0,0,,C
MSFT,20050310,9:30:11,25.42,500,0,0,,C
MSFT,20050310,9:30:11,25.42,500,0,0,,C
MSFT,20050310,9:30:11,25.42,600,0,0,,C
MSFT,20050310,9:30:11,25.42,400,0,0,,C
MSFT,20050310,9:30:11,25.42,318,0,0,,C
MSFT,20050310,9:30:11,25.42,482,0,0,,C
MSFT,20050310,9:30:11,25.42,200,0,0,,C
MSFT,20050310,9:30:11,25.42,118,0,0,,C
MSFT,20050310,9:30:11,25.45,750,0,0,,T
MSFT,20050310,9:30:11,25.43,500,0,0,,C
MSFT,20050310,9:30:11,25.43,100,0,0,,C
MSFT,20050310,9:30:11,25.43,100,0,0,,C
MSFT,20050310,9:30:11,25.43,100,0,0,,C
MSFT,20050310,9:30:11,25.43,1000,0,0,,C
MSFT,20050310,9:30:11,25.43,1000,0,0,,C
MSFT,20050310,9:30:11,25.43,100,0,0,,C
MSFT,20050310,9:30:11,25.45,2022,0,0,,T
MSFT,20050310,9:30:11,25.45,2095,0,0,,T
MSFT,20050310,9:30:11,25.42,400,0,0,,T
MSFT,20050310,9:30:11,25.42,700,0,0,,T
MSFT,20050310,9:30:11,25.42,200,0,0,,T
MSFT,20050310,9:30:11,25.42,100,0,0,,T
MSFT,20050310,9:30:11,25.45,361,0,0,,T
MSFT,20050310,9:30:11,25.45,1213,0,0,,T
MSFT,20050310,9:30:11,25.45,252,0,0,,T
MSFT,20050310,9:30:11,25.42,100,0,0,,T
MSFT,20050310,9:30:11,25.42,1000,0,0,,T
MSFT,20050310,9:30:11,25.42,2000,0,0,,T
MSFT,20050310,9:30:11,25.45,400,0,0,,T
MSFT,20050310,9:30:11,25.45,645,0,0,,T
MSFT,20050310,9:30:11,25.45,450,0,0,,T
MSFT,20050310,9:30:11,25.45,100,0,0,,T
MSFT,20050310,9:30:11,25.42,686,0,0,,T
MSFT,20050310,9:30:11,25.45,200,0,0,,T
MSFT,20050310,9:30:11,25.45,100,0,0,,T
MSFT,20050310,9:30:11,25.45,100,0,0,,T
MSFT,20050310,9:30:11,25.45,1943,0,0,,T
MSFT,20050310,9:30:12,25.45,147,0,0,,T
MSFT,20050310,9:30:12,25.42,100,0,0,,P
MSFT,20050310,9:30:12,25.45,500,0,0,,T
MSFT,20050310,9:30:12,25.45,200,0,0,,T
MSFT,20050310,9:30:12,25.45,250,0,0,,T
MSFT,20050310,9:30:12,25.45,250,0,0,,T
MSFT,20050310,9:30:12,25.45,985,0,0,,T
MSFT,20050310,9:30:12,25.45,100,0,0,,T
MSFT,20050310,9:30:12,25.45,250,0,0,,T
MSFT,20050310,9:30:12,25.45,400,0,0,,T
MSFT,20050310,9:30:12,25.45,120,0,0,,T
MSFT,20050310,9:30:12,25.45,599,0,0,,T
MSFT,20050310,9:30:12,25.45,300,0,0,,T
MSFT,20050310,9:30:12,25.45,604,0,0,,T
MSFT,20050310,9:30:12,25.45,200,0,0,,T
MSFT,20050310,9:30:12,25.42,100,0,0,,T
MSFT,20050310,9:30:12,25.42,900,0,0,,T
MSFT,20050310,9:30:12,25.42,100,0,0,,T
MSFT,20050310,9:30:12,25.42,400,0,0,,T
MSFT,20050310,9:30:12,25.42,1000,0,0,,T
MSFT,20050310,9:30:12,25.43,200,0,0,,T
MSFT,20050310,9:30:12,25.45,1000,0,0,,T
MSFT,20050310,9:30:12,25.42,300,0,0,,P
MSFT,20050310,9:30:12,25.42,100,0,0,,T
MSFT,20050310,9:30:12,25.42,100,0,0,,T
MSFT,20050310,9:30:12,25.42,1000,0,0,,T
MSFT,20050310,9:30:12,25.42,600,0,0,,T
MSFT,20050310,9:30:12,25.42,1000,0,0,,T
MSFT,20050310,9:30:12,25.42,1000,0,0,,T
MSFT,20050310,9:30:12,25.45,100,0,0,,T
MSFT,20050310,9:30:13,25.42,100,0,0,,T
MSFT,20050310,9:30:13,25.42,1000,0,0,,C
MSFT,20050310,9:30:13,25.42,1000,0,0,,C
MSFT,20050310,9:30:13,25.42,900,0,0,,C
MSFT,20050310,9:30:13,25.42,600,0,0,,C
MSFT,20050310,9:30:13,25.42,600,0,0,,C
MSFT,20050310,9:30:13,25.42,600,0,0,,C
MSFT,20050310,9:30:13,25.42,100,0,0,,C
MSFT,20050310,9:30:13,25.42,100,0,0,,C
MSFT,20050310,9:30:13,25.42,1000,0,0,,C
MSFT,20050310,9:30:13,25.42,1000,0,0,,C
MSFT,20050310,9:30:13,25.42,400,0,0,,T
MSFT,20050310,9:30:13,25.42,100,0,0,,T
MSFT,20050310,9:30:13,25.42,100,0,0,,T
MSFT,20050310,9:30:13,25.42,100,0,0,,T
MSFT,20050310,9:30:13,25.42,200,0,0,,T
MSFT,20050310,9:30:13,25.42,500,0,0,,T
MSFT,20050310,9:30:13,25.41,218,0,0,,P
MSFT,20050310,9:30:13,25.421,711,0,0,,T
MSFT,20050310,9:30:14,25.42,100,0,0,,C
MSFT,20050310,9:30:14,25.45,100,0,0,,T
MSFT,20050310,9:30:14,25.45,200,0,0,,T
MSFT,20050310,9:30:14,25.45,200,0,0,,T
MSFT,20050310,9:30:14,25.45,100,0,0,,T
MSFT,20050310,9:30:14,25.45,200,0,0,,T
MSFT,20050310,9:30:14,25.45,440,0,0,,T
MSFT,20050310,9:30:14,25.45,150,0,0,,T
MSFT,20050310,9:30:14,25.45,500,0,0,,T
MSFT,20050310,9:30:14,25.45,11707,0,0,,T
MSFT,20050310,9:30:14,25.45,290,0,0,,T
MSFT,20050310,9:30:14,25.45,205,0,0,,T
MSFT,20050310,9:30:14,25.45,1500,0,0,,T
MSFT,20050310,9:30:14,25.45,400,0,0,,T
MSFT,20050310,9:30:14,25.45,160,0,0,,T
MSFT,20050310,9:30:14,25.45,1570,0,0,,T
MSFT,20050310,9:30:14,25.45,192,0,0,,T
MSFT,20050310,9:30:14,25.42,180,0,0,,T
MSFT,20050310,9:30:14,25.45,140,0,0,,T
MSFT,20050310,9:30:14,25.41,1000,0,0,,T
MSFT,20050310,9:30:14,25.41,1000,0,0,,T
MSFT,20050310,9:30:14,25.41,1000,0,0,,T
MSFT,20050310,9:30:14,25.41,1000,0,0,,T
MSFT,20050310,9:30:15,25.45,200,0,0,,T
MSFT,20050310,9:30:15,25.42,200,0,0,,P
MSFT,20050310,9:30:15,25.42,200,0,0,,P
MSFT,20050310,9:30:15,25.42,300,0,0,,P
MSFT,20050310,9:30:15,25.42,300,0,0,,P
MSFT,20050310,9:30:15,25.42,1000,0,0,,T
MSFT,20050310,9:30:15,25.42,1000,0,0,,T
MSFT,20050310,9:30:15,25.42,100,0,0,,T
MSFT,20050310,9:30:15,25.42,200,0,0,,T
MSFT,20050310,9:30:15,25.42,1000,0,0,,T
MSFT,20050310,9:30:15,25.42,100,0,0,,T
MSFT,20050310,9:30:15,25.41,1000,0,0,,T
MSFT,20050310,9:30:15,25.42,1000,0,0,,T
MSFT,20050310,9:30:15,25.42,500,0,0,,T
MSFT,20050310,9:30:15,25.42,100,0,0,,T
MSFT,20050310,9:30:15,25.41,1472,0,0,,T
MSFT,20050310,9:30:15,25.41,100,0,0,,T
MSFT,20050310,9:30:15,25.42,750,0,0,,P
MSFT,20050310,9:30:15,25.42,300,0,0,,P
MSFT,20050310,9:30:15,25.42,100,0,0,,P
MSFT,20050310,9:30:15,25.42,300,0,0,,P
MSFT,20050310,9:30:15,25.42,200,0,0,,P
MSFT,20050310,9:30:15,25.42,300,0,0,,P
MSFT,20050310,9:30:16,25.42,115,0,0,,T
MSFT,20050310,9:30:16,25.41,1000,0,0,,T
MSFT,20050310,9:30:16,25.41,1000,0,0,,T
MSFT,20050310,9:30:16,25.41,100,0,0,,T
MSFT,20050310,9:30:16,25.41,1000,0,0,,T
MSFT,20050310,9:30:16,25.41,300,0,0,,T
MSFT,20050310,9:30:18,25.42,100,0,0,,C
MSFT,20050310,9:30:18,25.42,500,0,0,,C
MSFT,20050310,9:30:19,25.41,400,0,0,,T
MSFT,20050310,9:30:20,25.42,200,0,0,,T
MSFT,20050310,9:30:20,25.42,300,0,0,,T
MSFT,20050310,9:30:20,25.42,500,0,0,,T
MSFT,20050310,9:30:20,25.42,1000,0,0,,T
MSFT,20050310,9:30:23,25.42,115,0,0,,T
MSFT,20050310,9:30:23,25.42,100,0,0,,C
MSFT,20050310,9:30:23,25.42,200,0,0,,C
MSFT,20050310,9:30:23,25.42,1000,0,0,,C
MSFT,20050310,9:30:23,25.42,650,0,0,,C
MSFT,20050310,9:30:23,25.41,1078,0,0,,C
MSFT,20050310,9:30:23,25.41,983,0,0,,C
MSFT,20050310,9:30:23,25.41,100,0,0,,C
MSFT,20050310,9:30:24,25.41,350,0,0,,C
MSFT,20050310,9:30:24,25.41,1000,0,0,,C
MSFT,20050310,9:30:24,25.41,750,0,0,,C
MSFT,20050310,9:30:24,25.41,200,0,0,,C
MSFT,20050310,9:30:24,25.41,150,0,0,,C
MSFT,20050310,9:30:24,25.41,300,0,0,,C
MSFT,20050310,9:30:24,25.41,500,0,0,,C
MSFT,20050310,9:30:24,25.41,550,0,0,,C
MSFT,20050310,9:30:24,25.41,110,0,0,,C
MSFT,20050310,9:30:24,25.41,290,0,0,,C
MSFT,20050310,9:30:24,25.41,100,0,0,,C
MSFT,20050310,9:30:24,25.45,130,0,0,,T
MSFT,20050310,9:30:24,25.41,200,0,0,,C
MSFT,20050310,9:30:24,25.41,120,0,0,,C
MSFT,20050310,9:30:24,25.41,125,0,0,,C
MSFT,20050310,9:30:24,25.41,200,0,0,,C
MSFT,20050310,9:30:24,25.41,345,0,0,,C
MSFT,20050310,9:30:24,25.41,655,0,0,,C
MSFT,20050310,9:30:24,25.41,100,0,0,,C
MSFT,20050310,9:30:25,25.41,245,0,0,,C
MSFT,20050310,9:30:25,25.41,1300,0,0,,C
MSFT,20050310,9:30:25,25.41,455,0,0,,C
MSFT,20050310,9:30:25,25.41,100,0,0,,C
MSFT,20050310,9:30:25,25.41,100,0,0,,C
MSFT,20050310,9:30:25,25.41,145,0,0,,C
MSFT,20050310,9:30:25,25.41,100,0,0,,C
MSFT,20050310,9:30:25,25.41,900,0,0,,C
MSFT,20050310,9:30:25,25.41,1000,0,0,,C
MSFT,20050310,9:30:25,25.41,100,0,0,,C
MSFT,20050310,9:30:25,25.41,150,0,0,,C
MSFT,20050310,9:30:25,25.41,100,0,0,,C
MSFT,20050310,9:30:25,25.41,282,0,0,,T
MSFT,20050310,9:30:25,25.41,1000,0,0,,T
MSFT,20050310,9:30:25,25.41,300,0,0,,T
MSFT,20050310,9:30:25,25.41,918,0,0,,T
MSFT,20050310,9:30:25,25.45,216,0,0,,T
MSFT,20050310,9:30:25,25.45,3122,0,0,,T
MSFT,20050310,9:30:25,25.45,900,0,0,,T
MSFT,20050310,9:30:25,25.45,3701,0,0,,T
MSFT,20050310,9:30:25,25.4,500,0,0,,T
MSFT,20050310,9:30:25,25.4,100,0,0,,T
MSFT,20050310,9:30:25,25.4,100,0,0,,T
MSFT,20050310,9:30:25,25.4,500,0,0,,T
MSFT,20050310,9:30:25,25.4,500,0,0,,T
MSFT,20050310,9:30:25,25.4,1000,0,0,,T
MSFT,20050310,9:30:25,25.4,500,0,0,,T
MSFT,20050310,9:30:25,25.4,100,0,0,,T
MSFT,20050310,9:30:25,25.4,1300,0,0,,T
MSFT,20050310,9:30:25,25.4,100,0,0,,T
MSFT,20050310,9:30:25,25.4,50000,0,0,,T
MSFT,20050310,9:30:25,25.4,400,0,0,,T
MSFT,20050310,9:30:25,25.41,100,0,0,,T
MSFT,20050310,9:30:25,25.4,1000,0,0,,T
MSFT,20050310,9:30:25,25.4,100,0,0,,T
MSFT,20050310,9:30:25,25.4,1000,0,0,,T
MSFT,20050310,9:30:25,25.4,100,0,0,,T
MSFT,20050310,9:30:25,25.4,800,0,0,,T
MSFT,20050310,9:30:25,25.4,1000,0,0,,T
MSFT,20050310,9:30:25,25.4,400,0,0,,T
MSFT,20050310,9:30:25,25.4,400,0,0,,T
MSFT,20050310,9:30:25,25.4,100,0,0,,T
MSFT,20050310,9:30:25,25.4,1000,0,0,,T
MSFT,20050310,9:30:25,25.4,1000,0,0,,T
MSFT,20050310,9:30:25,25.4,1000,0,0,,T
MSFT,20050310,9:30:25,25.4,100,0,0,,T
MSFT,20050310,9:30:25,25.4,800,0,0,,T
MSFT,20050310,9:30:25,25.4,5000,0,0,,T
MSFT,20050310,9:30:25,25.45,200,0,0,,T
MSFT,20050310,9:30:25,25.45,100,0,0,,T
MSFT,20050310,9:30:25,25.4,100,0,0,,T
MSFT,20050310,9:30:25,25.45,1700,0,0,,T
MSFT,20050310,9:30:25,25.45,1200,0,0,,T
MSFT,20050310,9:30:25,25.41,100,0,0,,P
MSFT,20050310,9:30:25,25.4,209,0,0,,T
MSFT,20050310,9:30:25,25.45,400,0,0,,T
MSFT,20050310,9:30:25,25.45,1940,0,0,,T
MSFT,20050310,9:30:25,25.45,1000,0,0,,T
MSFT,20050310,9:30:25,25.45,196,0,0,,T
MSFT,20050310,9:30:25,25.45,250,0,0,,T
MSFT,20050310,9:30:25,25.45,500,0,0,,T
MSFT,20050310,9:30:25,25.45,100,0,0,,T
MSFT,20050310,9:30:25,25.45,200,0,0,,T
MSFT,20050310,9:30:25,25.45,100,0,0,,T
MSFT,20050310,9:30:26,25.45,300,0,0,,T
MSFT,20050310,9:30:26,25.45,100,0,0,,T
MSFT,20050310,9:30:26,25.45,1700,0,0,,T
MSFT,20050310,9:30:26,25.41,100,0,0,,C
MSFT,20050310,9:30:26,25.41,100,0,0,,C
MSFT,20050310,9:30:26,25.41,900,0,0,,C
MSFT,20050310,9:30:26,25.41,100,0,0,,C
MSFT,20050310,9:30:26,25.41,100,0,0,,C
MSFT,20050310,9:30:26,25.41,150,0,0,,C
MSFT,20050310,9:30:26,25.41,100,0,0,,C
MSFT,20050310,9:30:26,25.41,150,0,0,,C
MSFT,20050310,9:30:26,25.45,200,0,0,,T
MSFT,20050310,9:30:26,25.45,5800,0,0,,T
MSFT,20050310,9:30:26,25.41,700,0,0,,T
MSFT,20050310,9:30:26,25.45,115,0,0,,T
MSFT,20050310,9:30:26,25.41,200,0,0,,T
MSFT,20050310,9:30:26,25.41,593,0,0,,T
MSFT,20050310,9:30:26,25.41,732,0,0,,T
MSFT,20050310,9:30:26,25.41,100,0,0,,T
MSFT,20050310,9:30:26,25.41,5800,0,0,,T
MSFT,20050310,9:30:26,25.41,115,0,0,,T
MSFT,20050310,9:30:26,25.41,300,0,0,,T
MSFT,20050310,9:30:26,25.41,200,0,0,,T
MSFT,20050310,9:30:26,25.4,25000,0,0,,T
MSFT,20050310,9:30:26,25.4,25000,0,0,,T
MSFT,20050310,9:30:26,25.4,11581,0,0,,T
MSFT,20050310,9:30:27,25.41,100,0,0,,P
MSFT,20050310,9:30:27,25.41,1000,0,0,,C
MSFT,20050310,9:30:27,25.41,600,0,0,,C
MSFT,20050310,9:30:27,25.41,600,0,0,,C
MSFT,20050310,9:30:27,25.41,800,0,0,,C
MSFT,20050310,9:30:28,25.41,500,0,0,,T
MSFT,20050310,9:30:28,25.41,1000,0,0,,T
MSFT,20050310,9:30:28,25.41,700,0,0,,T
MSFT,20050310,9:30:28,25.41,100,0,0,,T
MSFT,20050310,9:30:28,25.41,800,0,0,,T
MSFT,20050310,9:30:28,25.41,400,0,0,,T
MSFT,20050310,9:30:28,25.41,400,0,0,,T
MSFT,20050310,9:30:28,25.41,100,0,0,,T
MSFT,20050310,9:30:28,25.41,400,0,0,,T
MSFT,20050310,9:30:28,25.41,900,0,0,,T
MSFT,20050310,9:30:28,25.41,600,0,0,,C
MSFT,20050310,9:30:28,25.41,100,0,0,,C
MSFT,20050310,9:30:28,25.41,300,0,0,,C
MSFT,20050310,9:30:28,25.41,1000,0,0,,C
MSFT,20050310,9:30:28,25.41,300,0,0,,C
MSFT,20050310,9:30:28,25.41,1000,0,0,,C
MSFT,20050310,9:30:28,25.41,500,0,0,,C
MSFT,20050310,9:30:28,25.41,100,0,0,,C
MSFT,20050310,9:30:28,25.41,100,0,0,,T
MSFT,20050310,9:30:28,25.41,1000,0,0,,T
MSFT,20050310,9:30:28,25.41,1000,0,0,,T
MSFT,20050310,9:30:28,25.41,700,0,0,,T
MSFT,20050310,9:30:28,25.41,442,0,0,,P
MSFT,20050310,9:30:28,25.41,300,0,0,,P
MSFT,20050310,9:30:28,25.41,750,0,0,,P
MSFT,20050310,9:30:28,25.41,600,0,0,,P
MSFT,20050310,9:30:28,25.41,600,0,0,,P
MSFT,20050310,9:30:28,25.41,800,0,0,,P
MSFT,20050310,9:30:28,25.41,1500,0,0,,P
MSFT,20050310,9:30:28,25.41,500,0,0,,P
MSFT,20050310,9:30:28,25.41,500,0,0,,P
MSFT,20050310,9:30:28,25.41,1000,0,0,,C
MSFT,20050310,9:30:28,25.41,600,0,0,,C
MSFT,20050310,9:30:29,25.41,600,0,0,,C
MSFT,20050310,9:30:29,25.41,1000,0,0,,C
MSFT,20050310,9:30:29,25.41,1000,0,0,,C
MSFT,20050310,9:30:29,25.41,750,0,0,,C
MSFT,20050310,9:30:29,25.41,600,0,0,,C
MSFT,20050310,9:30:29,25.41,1000,0,0,,C
MSFT,20050310,9:30:29,25.41,500,0,0,,T
MSFT,20050310,9:30:29,25.41,300,0,0,,T
MSFT,20050310,9:30:29,25.41,465,0,0,,C
MSFT,20050310,9:30:29,25.41,100,0,0,,T
MSFT,20050310,9:30:29,25.41,1000,0,0,,T
MSFT,20050310,9:30:29,25.41,535,0,0,,C
MSFT,20050310,9:30:29,25.41,1000,0,0,,C
MSFT,20050310,9:30:29,25.41,1000,0,0,,C
MSFT,20050310,9:30:29,25.41,250,0,0,,C
MSFT,20050310,9:30:29,25.41,100,0,0,,C
MSFT,20050310,9:30:29,25.41,200,0,0,,C
MSFT,20050310,9:30:29,25.41,1000,0,0,,C
MSFT,20050310,9:30:29,25.41,600,0,0,,C
MSFT,20050310,9:30:29,25.41,515,0,0,,C
MSFT,20050310,9:30:29,25.41,315,0,0,,T
MSFT,20050310,9:30:29,25.41,700,0,0,,T
MSFT,20050310,9:30:29,25.41,900,0,0,,T
MSFT,20050310,9:30:30,25.41,740,0,0,,T
MSFT,20050310,9:30:30,25.4,450,0,0,,C
MSFT,20050310,9:30:30,25.41,300,0,0,,T
MSFT,20050310,9:30:30,25.4,373,0,0,,T
MSFT,20050310,9:30:30,25.4,800,0,0,,T
MSFT,20050310,9:30:30,25.4,100,0,0,,T
MSFT,20050310,9:30:30,25.4,627,0,0,,T
MSFT,20050310,9:30:30,25.4,700,0,0,,T
MSFT,20050310,9:30:30,25.4,1000,0,0,,T
MSFT,20050310,9:30:30,25.4,573,0,0,,T
MSFT,20050310,9:30:30,25.41,100,0,0,,T
MSFT,20050310,9:30:31,25.4,112,0,0,,C
MSFT,20050310,9:30:31,25.4,162,0,0,,C
MSFT,20050310,9:30:31,25.41,500,0,0,,T
MSFT,20050310,9:30:31,25.41,800,0,0,,T
MSFT,20050310,9:30:31,25.41,1000,0,0,,T
MSFT,20050310,9:30:31,25.41,600,0,0,,C
MSFT,20050310,9:30:31,25.41,500,0,0,,C
MSFT,20050310,9:30:31,25.41,450,0,0,,C
MSFT,20050310,9:30:31,25.41,100,0,0,,C
MSFT,20050310,9:30:31,25.41,1000,0,0,,C
MSFT,20050310,9:30:31,25.41,1000,0,0,,C
MSFT,20050310,9:30:31,25.41,112,0,0,,C
MSFT,20050310,9:30:31,25.41,100,0,0,,C
MSFT,20050310,9:30:31,25.41,162,0,0,,C
MSFT,20050310,9:30:31,25.41,200,0,0,,T
MSFT,20050310,9:30:31,25.41,700,0,0,,T
MSFT,20050310,9:30:31,25.41,500,0,0,,T
MSFT,20050310,9:30:31,25.41,700,0,0,,T
MSFT,20050310,9:30:32,25.4,280,0,0,,T
MSFT,20050310,9:30:32,25.45,700,0,0,,T
MSFT,20050310,9:30:32,25.45,2500,0,0,,T
MSFT,20050310,9:30:32,25.45,800,0,0,,T
MSFT,20050310,9:30:32,25.41,100,0,0,,T
MSFT,20050310,9:30:32,25.41,500,0,0,,T
MSFT,20050310,9:30:33,25.45,102,0,0,,T
MSFT,20050310,9:30:33,25.45,1219,0,0,,T
MSFT,20050310,9:30:33,25.45,1077,0,0,,T
MSFT,20050310,9:30:33,25.41,200,0,0,,T
MSFT,20050310,9:30:33,25.41,700,0,0,,T
MSFT,20050310,9:30:33,25.41,500,0,0,,C
MSFT,20050310,9:30:33,25.45,5800,0,0,,T
MSFT,20050310,9:30:33,25.41,300,0,0,,T
MSFT,20050310,9:30:33,25.45,29200,0,0,,T
MSFT,20050310,9:30:33,25.45,1220,0,0,,T
MSFT,20050310,9:30:33,25.45,300,0,0,,T
MSFT,20050310,9:30:33,25.41,100,0,0,,P
MSFT,20050310,9:30:33,25.41,100,0,0,,T
MSFT,20050310,9:30:33,25.45,15000,0,0,,T
MSFT,20050310,9:30:33,25.45,253,0,0,,T
MSFT,20050310,9:30:33,25.41,200,0,0,,C
MSFT,20050310,9:30:33,25.41,562,0,0,,C
MSFT,20050310,9:30:33,25.41,600,0,0,,C
MSFT,20050310,9:30:33,25.41,138,0,0,,C
MSFT,20050310,9:30:34,25.41,200,0,0,,T
MSFT,20050310,9:30:34,25.45,300,0,0,,T
MSFT,20050310,9:30:34,25.45,300,0,0,,T
MSFT,20050310,9:30:34,25.45,700,0,0,,T
MSFT,20050310,9:30:34,25.45,1450,0,0,,T
MSFT,20050310,9:30:34,25.45,8300,0,0,,T
MSFT,20050310,9:30:35,25.41,600,0,0,,P
MSFT,20050310,9:30:35,25.41,500,0,0,,P
MSFT,20050310,9:30:35,25.41,1300,0,0,,P
MSFT,20050310,9:30:35,25.41,500,0,0,,P
MSFT,20050310,9:30:35,25.41,300,0,0,,T
MSFT,20050310,9:30:36,25.41,462,0,0,,C
MSFT,20050310,9:30:36,25.41,500,0,0,,C
MSFT,20050310,9:30:36,25.41,819,0,0,,C
MSFT,20050310,9:30:36,25.4,1000,0,0,,T
MSFT,20050310,9:30:36,25.4,1000,0,0,,T
MSFT,20050310,9:30:36,25.4,500,0,0,,T
MSFT,20050310,9:30:36,25.4,200,0,0,,T
MSFT,20050310,9:30:36,25.4,500,0,0,,T
MSFT,20050310,9:30:36,25.4,1000,0,0,,T
MSFT,20050310,9:30:36,25.4,100,0,0,,T
MSFT,20050310,9:30:36,25.4,600,0,0,,P
MSFT,20050310,9:30:36,25.4,300,0,0,,P
MSFT,20050310,9:30:36,25.4,600,0,0,,P
MSFT,20050310,9:30:36,25.4,600,0,0,,P
MSFT,20050310,9:30:36,25.4,300,0,0,,P
MSFT,20050310,9:30:36,25.4,1200,0,0,,T
MSFT,20050310,9:30:36,25.4,100,0,0,,T
MSFT,20050310,9:30:36,25.4,2000,0,0,,T
MSFT,20050310,9:30:36,25.4,500,0,0,,T
MSFT,20050310,9:30:37,25.4,500,0,0,,P
MSFT,20050310,9:30:37,25.4,200,0,0,,P
MSFT,20050310,9:30:37,25.4,100,0,0,,C
MSFT,20050310,9:30:37,25.4,100,0,0,,T
MSFT,20050310,9:30:37,25.4,5900,0,0,,T
MSFT,20050310,9:30:37,25.4,500,0,0,,P
MSFT,20050310,9:30:37,25.4,100,0,0,,T
MSFT,20050310,9:30:37,25.4,1000,0,0,,C
MSFT,20050310,9:30:37,25.4,1000,0,0,,C
MSFT,20050310,9:30:37,25.4,600,0,0,,C
MSFT,20050310,9:30:37,25.4,600,0,0,,C
MSFT,20050310,9:30:37,25.4,600,0,0,,C
MSFT,20050310,9:30:37,25.4,200,0,0,,C
MSFT,20050310,9:30:37,25.4,500,0,0,,C
MSFT,20050310,9:30:37,25.4,100,0,0,,C
MSFT,20050310,9:30:37,25.4,100,0,0,,C
MSFT,20050310,9:30:37,25.4,300,0,0,,C
MSFT,20050310,9:30:38,25.4,1800,0,0,,T
MSFT,20050310,9:30:38,25.4,800,0,0,,T
MSFT,20050310,9:30:38,25.4,100,0,0,,T
MSFT,20050310,9:30:38,25.4,1627,0,0,,T
MSFT,20050310,9:30:38,25.4,500,0,0,,T
MSFT,20050310,9:30:38,25.41,800,0,0,,T
MSFT,20050310,9:30:38,25.4,7500,0,0,,T
MSFT,20050310,9:30:38,25.41,1000,0,0,,T
MSFT,20050310,9:30:38,25.41,100,0,0,,T
MSFT,20050310,9:30:38,25.41,800,0,0,,T
MSFT,20050310,9:30:38,25.4,100,0,0,,C
MSFT,20050310,9:30:39,25.39,100,0,0,,T
MSFT,20050310,9:30:39,25.39,100,0,0,,T
MSFT,20050310,9:30:39,25.39,500,0,0,,C
MSFT,20050310,9:30:39,25.39,200,0,0,,T
MSFT,20050310,9:30:40,25.4,100,0,0,,T
MSFT,20050310,9:30:40,25.39,1000,0,0,,C
MSFT,20050310,9:30:40,25.41,1037,0,0,,T
MSFT,20050310,9:30:40,25.39,271,0,0,,T
MSFT,20050310,9:30:40,25.39,325,0,0,,T
MSFT,20050310,9:30:40,25.39,500,0,0,,T
MSFT,20050310,9:30:41,25.4,500,0,0,,C
MSFT,20050310,9:30:41,25.4,500,0,0,,C
MSFT,20050310,9:30:41,25.4,1000,0,0,,C
MSFT,20050310,9:30:41,25.4,1000,0,0,,C
MSFT,20050310,9:30:41,25.4,1000,0,0,,C
MSFT,20050310,9:30:41,25.4,200,0,0,,C
MSFT,20050310,9:30:41,25.4,200,0,0,,C
MSFT,20050310,9:30:41,25.39,300,0,0,,C
MSFT,20050310,9:30:41,25.39,100,0,0,,T
MSFT,20050310,9:30:41,25.39,700,0,0,,C
MSFT,20050310,9:30:41,25.39,300,0,0,,C
MSFT,20050310,9:30:41,25.39,900,0,0,,C
MSFT,20050310,9:30:42,25.39,500,0,0,,T
MSFT,20050310,9:30:42,25.4,500,0,0,,T
MSFT,20050310,9:30:42,25.4,100,0,0,,T
MSFT,20050310,9:30:42,25.4,200,0,0,,T
MSFT,20050310,9:30:42,25.4,500,0,0,,T
MSFT,20050310,9:30:42,25.39,1000,0,0,,T
MSFT,20050310,9:30:42,25.39,1000,0,0,,T
MSFT,20050310,9:30:42,25.39,100,0,0,,T
MSFT,20050310,9:30:42,25.39,800,0,0,,T
MSFT,20050310,9:30:42,25.39,100,0,0,,T
MSFT,20050310,9:30:42,25.4,4000,0,0,,T
MSFT,20050310,9:30:44,25.39,100,0,0,,T
MSFT,20050310,9:30:44,25.39,100,0,0,,T
MSFT,20050310,9:30:44,25.39,100,0,0,,T
MSFT,20050310,9:30:45,25.39,1000,0,0,,T
MSFT,20050310,9:30:45,25.39,500,0,0,,T
MSFT,20050310,9:30:45,25.39,100,0,0,,T
MSFT,20050310,9:30:45,25.39,500,0,0,,T
MSFT,20050310,9:30:45,25.39,100,0,0,,T
MSFT,20050310,9:30:45,25.39,1000,0,0,,T
MSFT,20050310,9:30:45,25.39,1000,0,0,,T
MSFT,20050310,9:30:45,25.39,1000,0,0,,T
MSFT,20050310,9:30:45,25.39,1000,0,0,,T
MSFT,20050310,9:30:45,25.39,1000,0,0,,T
MSFT,20050310,9:30:45,25.39,100,0,0,,T
MSFT,20050310,9:30:45,25.39,100,0,0,,T
MSFT,20050310,9:30:45,25.39,200,0,0,,T
MSFT,20050310,9:30:45,25.39,500,0,0,,T
MSFT,20050310,9:30:45,25.39,400,0,0,,T
MSFT,20050310,9:30:45,25.39,1000,0,0,,T
MSFT,20050310,9:30:45,25.39,200,0,0,,T
MSFT,20050310,9:30:46,25.39,600,0,0,,P
MSFT,20050310,9:30:46,25.39,800,0,0,,P
MSFT,20050310,9:30:46,25.39,300,0,0,,P
MSFT,20050310,9:30:46,25.39,600,0,0,,P
MSFT,20050310,9:30:46,25.39,500,0,0,,P
MSFT,20050310,9:30:46,25.39,600,0,0,,P
MSFT,20050310,9:30:46,25.39,250,0,0,,P
MSFT,20050310,9:30:47,25.39,200,0,0,,P
MSFT,20050310,9:30:47,25.39,1350,0,0,,T
MSFT,20050310,9:30:47,25.4,1000,0,0,,T
MSFT,20050310,9:30:47,25.4,700,0,0,,T
MSFT,20050310,9:30:47,25.4,200,0,0,,T
MSFT,20050310,9:30:47,25.4,1500,0,0,,T
MSFT,20050310,9:30:47,25.4,1000,0,0,,T
MSFT,20050310,9:30:47,25.4,500,0,0,,T
MSFT,20050310,9:30:47,25.4,4400,0,0,,T
MSFT,20050310,9:30:47,25.4,1000,0,0,,T
MSFT,20050310,9:30:47,25.4,1000,0,0,,T
MSFT,20050310,9:30:47,25.4,100,0,0,,T
MSFT,20050310,9:30:47,25.4,1000,0,0,,T
MSFT,20050310,9:30:47,25.4,100,0,0,,T
MSFT,20050310,9:30:47,25.4,100,0,0,,T
MSFT,20050310,9:30:47,25.4,3200,0,0,,T
MSFT,20050310,9:30:47,25.4,1000,0,0,,T
MSFT,20050310,9:30:47,25.4,600,0,0,,T
MSFT,20050310,9:30:47,25.4,200,0,0,,T
MSFT,20050310,9:30:47,25.4,200,0,0,,T
MSFT,20050310,9:30:47,25.4,200,0,0,,T
MSFT,20050310,9:30:47,25.4,1000,0,0,,T
MSFT,20050310,9:30:47,25.4,800,0,0,,T
MSFT,20050310,9:30:47,25.4,100,0,0,,T
MSFT,20050310,9:30:48,25.4,100,0,0,,C
MSFT,20050310,9:30:48,25.39,1000,0,0,,T
MSFT,20050310,9:30:48,25.39,1000,0,0,,T
MSFT,20050310,9:30:48,25.39,200,0,0,,T
MSFT,20050310,9:30:48,25.39,400,0,0,,T
MSFT,20050310,9:30:48,25.39,600,0,0,,T
MSFT,20050310,9:30:48,25.39,200,0,0,,T
MSFT,20050310,9:30:48,25.39,1000,0,0,,T
MSFT,20050310,9:30:48,25.39,100,0,0,,T
MSFT,20050310,9:30:48,25.39,400,0,0,,T
MSFT,20050310,9:30:48,25.4,100,0,0,,T
MSFT,20050310,9:30:48,25.4,200,0,0,,T
MSFT,20050310,9:30:48,25.4,600,0,0,,T
MSFT,20050310,9:30:48,25.4,100,0,0,,T
MSFT,20050310,9:30:48,25.4,200,0,0,,T
MSFT,20050310,9:30:48,25.4,2000,0,0,,T
MSFT,20050310,9:30:48,25.4,100,0,0,,T
MSFT,20050310,9:30:48,25.4,500,0,0,,T
MSFT,20050310,9:30:48,25.4,1000,0,0,,T
MSFT,20050310,9:30:48,25.4,1000,0,0,,T
MSFT,20050310,9:30:48,25.4,500,0,0,,T
MSFT,20050310,9:30:48,25.4,400,0,0,,C
MSFT,20050310,9:30:48,25.4,500,0,0,,C
MSFT,20050310,9:30:48,25.4,100,0,0,,C
MSFT,20050310,9:30:48,25.4,1000,0,0,,C
MSFT,20050310,9:30:48,25.4,1000,0,0,,C
MSFT,20050310,9:30:48,25.4,300,0,0,,C
MSFT,20050310,9:30:48,25.4,200,0,0,,C
MSFT,20050310,9:30:48,25.4,100,0,0,,C
MSFT,20050310,9:30:48,25.4,150,0,0,,C
MSFT,20050310,9:30:48,25.4,1000,0,0,,C
MSFT,20050310,9:30:48,25.4,2000,0,0,,C
MSFT,20050310,9:30:48,25.4,100,0,0,,C
MSFT,20050310,9:30:48,25.4,100,0,0,,C
MSFT,20050310,9:30:48,25.4,250,0,0,,C
MSFT,20050310,9:30:48,25.39,500,0,0,,T
MSFT,20050310,9:30:49,25.39,100,0,0,,C
MSFT,20050310,9:30:49,25.39,1000,0,0,,C
MSFT,20050310,9:30:49,25.39,600,0,0,,C
MSFT,20050310,9:30:49,25.39,1000,0,0,,C
MSFT,20050310,9:30:49,25.39,600,0,0,,C
MSFT,20050310,9:30:49,25.39,600,0,0,,C
MSFT,20050310,9:30:49,25.39,1000,0,0,,C
MSFT,20050310,9:30:49,25.39,100,0,0,,C
MSFT,20050310,9:30:49,25.39,600,0,0,,C
MSFT,20050310,9:30:49,25.39,200,0,0,,C
MSFT,20050310,9:30:49,25.39,2000,0,0,,C
MSFT,20050310,9:30:49,25.39,200,0,0,,T
MSFT,20050310,9:30:49,25.39,400,0,0,,C
MSFT,20050310,9:30:49,25.4,900,0,0,,T
MSFT,20050310,9:30:49,25.39,100,0,0,,C
MSFT,20050310,9:30:49,25.4,200,0,0,,T
MSFT,20050310,9:30:49,25.39,200,0,0,,C
MSFT,20050310,9:30:49,25.4,100,0,0,,T
MSFT,20050310,9:30:49,25.39,300,0,0,,C
MSFT,20050310,9:30:49,25.39,100,0,0,,T
MSFT,20050310,9:30:49,25.39,350,0,0,,C
MSFT,20050310,9:30:49,25.4,500,0,0,,T
MSFT,20050310,9:30:49,25.39,100,0,0,,C
MSFT,20050310,9:30:49,25.39,200,0,0,,T
MSFT,20050310,9:30:49,25.39,750,0,0,,C
MSFT,20050310,9:30:49,25.39,200,0,0,,C
MSFT,20050310,9:30:49,25.39,600,0,0,,C
MSFT,20050310,9:30:49,25.39,350,0,0,,C
MSFT,20050310,9:30:49,25.39,250,0,0,,P
MSFT,20050310,9:30:49,25.39,500,0,0,,P
MSFT,20050310,9:30:49,25.39,200,0,0,,P
MSFT,20050310,9:30:49,25.39,600,0,0,,C
MSFT,20050310,9:30:49,25.39,250,0,0,,C
MSFT,20050310,9:30:49,25.39,1000,0,0,,C
MSFT,20050310,9:30:49,25.39,1000,0,0,,C
MSFT,20050310,9:30:49,25.39,1000,0,0,,C
MSFT,20050310,9:30:49,25.39,1111,0,0,,C
MSFT,20050310,9:30:49,25.39,200,0,0,,C
MSFT,20050310,9:30:49,25.39,500,0,0,,C
MSFT,20050310,9:30:49,25.39,539,0,0,,C
MSFT,20050310,9:30:49,25.39,200,0,0,,C
MSFT,20050310,9:30:49,25.4,100,0,0,,T
MSFT,20050310,9:30:49,25.4,100,0,0,,T
MSFT,20050310,9:30:49,25.4,100,0,0,,T
MSFT,20050310,9:30:49,25.4,100,0,0,,T
MSFT,20050310,9:30:49,25.4,200,0,0,,T
MSFT,20050310,9:30:49,25.4,200,0,0,,T
MSFT,20050310,9:30:49,25.4,400,0,0,,T
MSFT,20050310,9:30:49,25.4,250,0,0,,C
MSFT,20050310,9:30:49,25.4,100,0,0,,C
MSFT,20050310,9:30:49,25.4,1000,0,0,,C
MSFT,20050310,9:30:49,25.4,900,0,0,,C
MSFT,20050310,9:30:49,25.4,100,0,0,,C
MSFT,20050310,9:30:49,25.4,900,0,0,,C
MSFT,20050310,9:30:49,25.4,1000,0,0,,C
MSFT,20050310,9:30:49,25.4,2000,0,0,,C
MSFT,20050310,9:30:49,25.4,1000,0,0,,C
MSFT,20050310,9:30:49,25.4,200,0,0,,C
MSFT,20050310,9:30:49,25.4,600,0,0,,C
MSFT,20050310,9:30:49,25.4,2200,0,0,,C
MSFT,20050310,9:30:49,25.4,117,0,0,,C
MSFT,20050310,9:30:49,25.4,100,0,0,,P
MSFT,20050310,9:30:49,25.4,100,0,0,,T
MSFT,20050310,9:30:50,25.4,100,0,0,,T
MSFT,20050310,9:30:50,25.4,1000,0,0,,T
MSFT,20050310,9:30:50,25.4,700,0,0,,T
MSFT,20050310,9:30:50,25.4,2000,0,0,,T
MSFT,20050310,9:30:50,25.4,700,0,0,,T
MSFT,20050310,9:30:50,25.4,1000,0,0,,T
MSFT,20050310,9:30:50,25.4,800,0,0,,T
MSFT,20050310,9:30:51,25.4,883,0,0,,C
MSFT,20050310,9:30:51,25.4,1000,0,0,,C
MSFT,20050310,9:30:51,25.4,2000,0,0,,C
MSFT,20050310,9:30:51,25.4,1000,0,0,,C
MSFT,20050310,9:30:51,25.4,1000,0,0,,C
MSFT,20050310,9:30:51,25.4,1000,0,0,,C
MSFT,20050310,9:30:51,25.4,600,0,0,,C
MSFT,20050310,9:30:51,25.4,600,0,0,,C
MSFT,20050310,9:30:51,25.4,600,0,0,,C
MSFT,20050310,9:30:51,25.4,750,0,0,,C
MSFT,20050310,9:30:51,25.4,567,0,0,,C
MSFT,20050310,9:30:54,25.4,200,0,0,,T
MSFT,20050310,9:30:54,25.4,2000,0,0,,T
MSFT,20050310,9:30:54,25.4,1000,0,0,,T
MSFT,20050310,9:30:54,25.4,1000,0,0,,T
MSFT,20050310,9:30:54,25.4,500,0,0,,T
MSFT,20050310,9:30:54,25.4,1000,0,0,,T
MSFT,20050310,9:30:55,25.4,200,0,0,,T
MSFT,20050310,9:30:55,25.4,2033,0,0,,C
MSFT,20050310,9:30:55,25.4,500,0,0,,P
MSFT,20050310,9:30:55,25.4,100,0,0,,P
MSFT,20050310,9:30:55,25.4,200,0,0,,T
MSFT,20050310,9:30:55,25.4,400,0,0,,T
MSFT,20050310,9:30:55,25.4,200,0,0,,C
MSFT,20050310,9:30:55,25.4,200,0,0,,C
MSFT,20050310,9:30:55,25.4,2000,0,0,,C
MSFT,20050310,9:30:55,25.4,800,0,0,,C
MSFT,20050310,9:30:55,25.4,600,0,0,,C
MSFT,20050310,9:30:55,25.4,500,0,0,,C
MSFT,20050310,9:30:55,25.4,1000,0,0,,C
MSFT,20050310,9:30:55,25.4,1000,0,0,,C
MSFT,20050310,9:30:55,25.4,200,0,0,,T
MSFT,20050310,9:30:55,25.4,500,0,0,,T
MSFT,20050310,9:30:55,25.4,183,0,0,,T
MSFT,20050310,9:30:55,25.39,500,0,0,,T
MSFT,20050310,9:30:55,25.39,1000,0,0,,T
MSFT,20050310,9:30:55,25.39,1000,0,0,,T
MSFT,20050310,9:30:55,25.39,1000,0,0,,T
MSFT,20050310,9:30:55,25.4,1000,0,0,,T
MSFT,20050310,9:30:56,25.39,200,0,0,,P
MSFT,20050310,9:30:56,25.4,200,0,0,,C
MSFT,20050310,9:30:56,25.39,200,0,0,,C
MSFT,20050310,9:30:56,25.39,200,0,0,,P
MSFT,20050310,9:30:56,25.39,100,0,0,,P
MSFT,20050310,9:30:56,25.39,100,0,0,,P
MSFT,20050310,9:30:57,25.39,800,0,0,,T
MSFT,20050310,9:30:58,25.4,800,0,0,,C
MSFT,20050310,9:30:58,25.4,1000,0,0,,C
MSFT,20050310,9:30:58,25.4,600,0,0,,C
MSFT,20050310,9:30:58,25.4,300,0,0,,C
MSFT,20050310,9:31:01,25.4,300,0,0,,C
MSFT,20050310,9:31:02,25.399,384,0,0,,T
MSFT,20050310,9:31:04,25.39,4000,0,0,W,T
MSFT,20050310,9:31:05,25.39,200,0,0,,T
MSFT,20050310,9:31:05,25.4,373,0,0,,C
MSFT,20050310,9:31:05,25.4,4540,0,0,,T
MSFT,20050310,9:31:05,25.4,460,0,0,,T
MSFT,20050310,9:31:06,25.4,500,0,0,,T
MSFT,20050310,9:31:06,25.4,500,0,0,,T
MSFT,20050310,9:31:06,25.4,800,0,0,,T
MSFT,20050310,9:31:06,25.4,1000,0,0,,T
MSFT,20050310,9:31:06,25.4,2000,0,0,,T
MSFT,20050310,9:31:06,25.4,200,0,0,,T
MSFT,20050310,9:31:06,25.4,1000,0,0,,T
MSFT,20050310,9:31:06,25.4,1000,0,0,,T
MSFT,20050310,9:31:06,25.4,700,0,0,,T
MSFT,20050310,9:31:06,25.4,433,0,0,,T
MSFT,20050310,9:31:06,25.4,384,0,0,,T
MSFT,20050310,9:31:06,25.4,800,0,0,,T
MSFT,20050310,9:31:06,25.4,1867,0,0,,T
MSFT,20050310,9:31:06,25.4,1000,0,0,,T
MSFT,20050310,9:31:06,25.4,116,0,0,,T
MSFT,20050310,9:31:07,25.4,100,0,0,,T
MSFT,20050310,9:31:07,25.4,100,0,0,,T
MSFT,20050310,9:31:07,25.4,2000,0,0,,T
MSFT,20050310,9:31:07,25.4,300,0,0,,T
MSFT,20050310,9:31:07,25.4,1000,0,0,,T
MSFT,20050310,9:31:07,25.4,100,0,0,,T
MSFT,20050310,9:31:07,25.4,584,0,0,,T
MSFT,20050310,9:31:07,25.4,1000,0,0,,T
MSFT,20050310,9:31:07,25.4,500,0,0,,T
MSFT,20050310,9:31:07,25.4,2000,0,0,,T
MSFT,20050310,9:31:07,25.4,554,0,0,,C
MSFT,20050310,9:31:07,25.4,600,0,0,,C
MSFT,20050310,9:31:07,25.4,500,0,0,,C
MSFT,20050310,9:31:07,25.4,1046,0,0,,C
MSFT,20050310,9:31:07,25.4,954,0,0,,C
MSFT,20050310,9:31:07,25.4,600,0,0,,C
MSFT,20050310,9:31:07,25.4,250,0,0,,C
MSFT,20050310,9:31:07,25.4,1000,0,0,,C
MSFT,20050310,9:31:07,25.4,2800,0,0,,C
MSFT,20050310,9:31:07,25.4,500,0,0,,C
MSFT,20050310,9:31:07,25.4,1000,0,0,,C
MSFT,20050310,9:31:07,25.4,100,0,0,,C
MSFT,20050310,9:31:07,25.4,500,0,0,,C
MSFT,20050310,9:31:07,25.4,4000,0,0,,C
MSFT,20050310,9:31:07,25.4,1000,0,0,,C
MSFT,20050310,9:31:07,25.4,400,0,0,,T
MSFT,20050310,9:31:07,25.4,400,0,0,,T
MSFT,20050310,9:31:07,25.4,100,0,0,,T
MSFT,20050310,9:31:07,25.4,100,0,0,,T
MSFT,20050310,9:31:07,25.4,100,0,0,,T
MSFT,20050310,9:31:07,25.4,400,0,0,,T
MSFT,20050310,9:31:07,25.4,100,0,0,,T
MSFT,20050310,9:31:07,25.4,2600,0,0,,T
MSFT,20050310,9:31:07,25.4,100,0,0,,T
MSFT,20050310,9:31:07,25.4,100,0,0,,T
MSFT,20050310,9:31:07,25.4,2000,0,0,,C
MSFT,20050310,9:31:07,25.4,600,0,0,,C
MSFT,20050310,9:31:07,25.4,400,0,0,,C
MSFT,20050310,9:31:07,25.4,600,0,0,,C
MSFT,20050310,9:31:07,25.4,400,0,0,,C
MSFT,20050310,9:31:07,25.4,100,0,0,,T
MSFT,20050310,9:31:08,25.4,400,0,0,,T
MSFT,20050310,9:31:08,25.4,550,0,0,,T
MSFT,20050310,9:31:08,25.4,2600,0,0,,T
MSFT,20050310,9:31:09,25.3999,200,0,0,,M
MSFT,20050310,9:31:09,25.4,800,0,0,,T
MSFT,20050310,9:31:09,25.4,100,0,0,,C
MSFT,20050310,9:31:10,25.4,800,0,0,,T
MSFT,20050310,9:31:10,25.4,1000,0,0,,T
MSFT,20050310,9:31:10,25.4,1000,0,0,,T
MSFT,20050310,9:31:10,25.4,500,0,0,,T
MSFT,20050310,9:31:10,25.4,500,0,0,,C
MSFT,20050310,9:31:10,25.4,300,0,0,,P
MSFT,20050310,9:31:10,25.4,100,0,0,,C
MSFT,20050310,9:31:10,25.4,100,0,0,,T
MSFT,20050310,9:31:10,25.4,1800,0,0,,T
MSFT,20050310,9:31:10,25.4,700,0,0,,T
MSFT,20050310,9:31:10,25.4,1000,0,0,,T
MSFT,20050310,9:31:10,25.4,1000,0,0,,T
MSFT,20050310,9:31:10,25.4,2000,0,0,,T
MSFT,20050310,9:31:10,25.4,300,0,0,,T
MSFT,20050310,9:31:10,25.4,400,0,0,,C
MSFT,20050310,9:31:10,25.4,1000,0,0,,C
MSFT,20050310,9:31:10,25.4,600,0,0,,C
MSFT,20050310,9:31:10,25.4,600,0,0,,C
MSFT,20050310,9:31:10,25.4,500,0,0,,C
MSFT,20050310,9:31:10,25.4,3000,0,0,,C
MSFT,20050310,9:31:10,25.4,500,0,0,,C
MSFT,20050310,9:31:10,25.4,100,0,0,,C
MSFT,20050310,9:31:10,25.4,600,0,0,,C
MSFT,20050310,9:31:10,25.4,800,0,0,,C
MSFT,20050310,9:31:10,25.4,2000,0,0,,C
MSFT,20050310,9:31:10,25.4,1000,0,0,,C
MSFT,20050310,9:31:10,25.4,600,0,0,,C
MSFT,20050310,9:31:10,25.4,100,0,0,,C
MSFT,20050310,9:31:10,25.4,100,0,0,,C
MSFT,20050310,9:31:10,25.4,200,0,0,,C
MSFT,20050310,9:31:10,25.4,900,0,0,,C
MSFT,20050310,9:31:11,25.4,100,0,0,,T
MSFT,20050310,9:31:12,25.4,1000,0,0,,T
MSFT,20050310,9:31:12,25.4,1000,0,0,,T
MSFT,20050310,9:31:12,25.4,2000,0,0,,T
MSFT,20050310,9:31:12,25.4,1000,0,0,,T
MSFT,20050310,9:31:13,25.4,400,0,0,,P
MSFT,20050310,9:31:13,25.4,1700,0,0,,T
MSFT,20050310,9:31:13,25.4,500,0,0,,T
MSFT,20050310,9:31:13,25.4,700,0,0,,T
MSFT,20050310,9:31:13,25.4,800,0,0,,T
MSFT,20050310,9:31:13,25.39,5000,0,0,,T
MSFT,20050310,9:31:13,25.4,373,0,0,,C
MSFT,20050310,9:31:13,25.4,627,0,0,,C
MSFT,20050310,9:31:13,25.4,100,0,0,,T
MSFT,20050310,9:31:13,25.4,800,0,0,,T
MSFT,20050310,9:31:13,25.4,2000,0,0,,T
MSFT,20050310,9:31:13,25.4,1000,0,0,,T
MSFT,20050310,9:31:13,25.4,400,0,0,,T
MSFT,20050310,9:31:13,25.4,100,0,0,,T
MSFT,20050310,9:31:13,25.4,1000,0,0,,T
MSFT,20050310,9:31:13,25.4,100,0,0,,T
MSFT,20050310,9:31:13,25.4,500,0,0,,T
MSFT,20050310,9:31:13,25.4,500,0,0,,T
MSFT,20050310,9:31:13,25.4,400,0,0,,T
MSFT,20050310,9:31:13,25.4,400,0,0,,T
MSFT,20050310,9:31:13,25.4,1000,0,0,,C
MSFT,20050310,9:31:13,25.4,250,0,0,,C
MSFT,20050310,9:31:13,25.4,823,0,0,,C
MSFT,20050310,9:31:16,25.4,300,0,0,,T
MSFT,20050310,9:31:16,25.4,1000,0,0,,T
MSFT,20050310,9:31:16,25.4,100,0,0,,T
MSFT,20050310,9:31:16,25.4,100,0,0,,T
MSFT,20050310,9:31:16,25.4,1376,0,0,,T
MSFT,20050310,9:31:16,25.4,1000,0,0,,T
MSFT,20050310,9:31:16,25.4,1876,0,0,,T
MSFT,20050310,9:31:16,25.4,624,0,0,,T
MSFT,20050310,9:31:16,25.4,800,0,0,,T
MSFT,20050310,9:31:16,25.4,100,0,0,,T
MSFT,20050310,9:31:16,25.4,500,0,0,,T
MSFT,20050310,9:31:16,25.4,100,0,0,,T
MSFT,20050310,9:31:16,25.4,1000,0,0,,T
MSFT,20050310,9:31:16,25.4,2000,0,0,,T
MSFT,20050310,9:31:16,25.4,100,0,0,,T
MSFT,20050310,9:31:16,25.4,500,0,0,,T
MSFT,20050310,9:31:16,25.4,800,0,0,,T
MSFT,20050310,9:31:16,25.4,1000,0,0,,T
MSFT,20050310,9:31:16,25.4,300,0,0,,T
MSFT,20050310,9:31:16,25.4,100,0,0,,T
MSFT,20050310,9:31:16,25.392,184,0,0,,T
MSFT,20050310,9:31:17,25.4,500,0,0,,T
MSFT,20050310,9:31:19,25.3982,400,0,0,,T
MSFT,20050310,9:31:19,25.39,400,0,0,,P
MSFT,20050310,9:31:19,25.39,100,0,0,,P
MSFT,20050310,9:31:19,25.39,500,0,0,,P
MSFT,20050310,9:31:19,25.4,100,0,0,,D
MSFT,20050310,9:31:20,25.3918,140,0,0,,T
MSFT,20050310,9:31:20,25.39,340,0,0,,T
MSFT,20050310,9:31:24,25.4,100,0,0,,T
MSFT,20050310,9:31:24,25.4,400,0,0,,T
MSFT,20050310,9:31:24,25.4,800,0,0,,T
MSFT,20050310,9:31:24,25.4,400,0,0,,T
MSFT,20050310,9:31:24,25.4,1000,0,0,,T
MSFT,20050310,9:31:24,25.4,177,0,0,,C
MSFT,20050310,9:31:24,25.4,600,0,0,,C
MSFT,20050310,9:31:24,25.4,600,0,0,,C
MSFT,20050310,9:31:24,25.4,600,0,0,,C
MSFT,20050310,9:31:24,25.4,1000,0,0,,C
MSFT,20050310,9:31:24,25.4,1623,0,0,,C
MSFT,20050310,9:31:24,25.4,775,0,0,,T
MSFT,20050310,9:31:24,25.39,660,0,0,,T
MSFT,20050310,9:31:24,25.39,500,0,0,,T
MSFT,20050310,9:31:24,25.39,700,0,0,,T
MSFT,20050310,9:31:24,25.39,1722,0,0,,T
MSFT,20050310,9:31:25,25.39,100,0,0,,C
MSFT,20050310,9:31:25,25.39,100,0,0,,C
MSFT,20050310,9:31:25,25.39,500,0,0,,C
MSFT,20050310,9:31:25,25.39,1000,0,0,,C
MSFT,20050310,9:31:25,25.39,1000,0,0,,C
MSFT,20050310,9:31:25,25.39,1300,0,0,,C
MSFT,20050310,9:31:25,25.39,1000,0,0,,T
MSFT,20050310,9:31:25,25.39,1000,0,0,,T
MSFT,20050310,9:31:25,25.39,100,0,0,,T
MSFT,20050310,9:31:25,25.39,800,0,0,,T
MSFT,20050310,9:31:25,25.39,1000,0,0,,T
MSFT,20050310,9:31:25,25.39,500,0,0,,T
MSFT,20050310,9:31:25,25.39,1000,0,0,,T
MSFT,20050310,9:31:25,25.39,100,0,0,,T
MSFT,20050310,9:31:25,25.39,100,0,0,,T
MSFT,20050310,9:31:25,25.39,718,0,0,,T
MSFT,20050310,9:31:25,25.39,100,0,0,,T
MSFT,20050310,9:31:27,25.39,1000,0,0,,T
MSFT,20050310,9:31:28,25.4,100,0,0,,C
MSFT,20050310,9:31:28,25.42,150,0,0,,T
MSFT,20050310,9:31:31,25.3982,100,0,0,,T
MSFT,20050310,9:31:33,25.42,150,0,0,,T
MSFT,20050310,9:31:33,25.42,100,0,0,,T
MSFT,20050310,9:31:33,25.42,103,0,0,,T
MSFT,20050310,9:31:33,25.42,112,0,0,,T
MSFT,20050310,9:31:33,25.42,200,0,0,,T
MSFT,20050310,9:31:33,25.39,187,0,0,,T
MSFT,20050310,9:31:34,25.4,600,0,0,,T
MSFT,20050310,9:31:34,25.4,1000,0,0,,T
MSFT,20050310,9:31:34,25.4,400,0,0,,T
MSFT,20050310,9:31:35,25.4,100,0,0,,T
MSFT,20050310,9:31:35,25.4,600,0,0,,T
MSFT,20050310,9:31:35,25.4,500,0,0,,T
MSFT,20050310,9:31:35,25.4,800,0,0,,T
MSFT,20050310,9:31:36,25.4,800,0,0,,T
MSFT,20050310,9:31:36,25.4,1200,0,0,,T
MSFT,20050310,9:31:36,25.39,800,0,0,,T
MSFT,20050310,9:31:36,25.39,400,0,0,,T
MSFT,20050310,9:31:36,25.39,196,0,0,,T
MSFT,20050310,9:31:36,25.39,422,0,0,,C
MSFT,20050310,9:31:36,25.39,200,0,0,,C
MSFT,20050310,9:31:36,25.39,100,0,0,,C
MSFT,20050310,9:31:36,25.39,100,0,0,,C
MSFT,20050310,9:31:36,25.39,100,0,0,,C
MSFT,20050310,9:31:36,25.39,100,0,0,,C
MSFT,20050310,9:31:36,25.39,600,0,0,,C
MSFT,20050310,9:31:36,25.39,371,0,0,,C
MSFT,20050310,9:31:38,25.42,200,0,0,,T
MSFT,20050310,9:31:38,25.42,300,0,0,,T
MSFT,20050310,9:31:38,25.42,373,0,0,,T
MSFT,20050310,9:31:38,25.42,476,0,0,,T
MSFT,20050310,9:31:39,25.42,4498,0,0,,T
MSFT,20050310,9:31:39,25.42,4365,0,0,,T
MSFT,20050310,9:31:41,25.4,300,0,0,,T
MSFT,20050310,9:31:41,25.4,500,0,0,,T
MSFT,20050310,9:31:41,25.4,1000,0,0,,T
MSFT,20050310,9:31:41,25.4,100,0,0,,T
MSFT,20050310,9:31:41,25.4,1000,0,0,,T
MSFT,20050310,9:31:41,25.4,800,0,0,,T
MSFT,20050310,9:31:41,25.4,1000,0,0,,T
MSFT,20050310,9:31:41,25.4,1426,0,0,,T
MSFT,20050310,9:31:41,25.4,500,0,0,,T
MSFT,20050310,9:31:41,25.4,1000,0,0,,T
MSFT,20050310,9:31:41,25.4,100,0,0,,T
MSFT,20050310,9:31:41,25.4,1000,0,0,,T
MSFT,20050310,9:31:41,25.4,100,0,0,,T
MSFT,20050310,9:31:41,25.4,500,0,0,,T
MSFT,20050310,9:31:41,25.4,100,0,0,,T
MSFT,20050310,9:31:41,25.4,500,0,0,,C
MSFT,20050310,9:31:41,25.4,500,0,0,,C
MSFT,20050310,9:31:42,25.39,106,0,0,,C
MSFT,20050310,9:31:42,25.4,100,0,0,,T
MSFT,20050310,9:31:42,25.4,500,0,0,,C
MSFT,20050310,9:31:42,25.4,100,0,0,,T
MSFT,20050310,9:31:42,25.4,3000,0,0,,C
MSFT,20050310,9:31:42,25.4,1000,0,0,,C
MSFT,20050310,9:31:42,25.4,500,0,0,,C
MSFT,20050310,9:31:42,25.4,100,0,0,,C
MSFT,20050310,9:31:42,25.4,200,0,0,,P
MSFT,20050310,9:31:42,25.4,300,0,0,,P
MSFT,20050310,9:31:42,25.4,123,0,0,,P
MSFT,20050310,9:31:42,25.4,100,0,0,,P
MSFT,20050310,9:31:42,25.4,525,0,0,,P
MSFT,20050310,9:31:42,25.4,800,0,0,,T
MSFT,20050310,9:31:42,25.4,400,0,0,,T
MSFT,20050310,9:31:42,25.4,100,0,0,,T
MSFT,20050310,9:31:42,25.4,100,0,0,,T
MSFT,20050310,9:31:42,25.4,100,0,0,,T
MSFT,20050310,9:31:42,25.4,100,0,0,,T
MSFT,20050310,9:31:42,25.4,300,0,0,,T
MSFT,20050310,9:31:42,25.4,300,0,0,,T
MSFT,20050310,9:31:42,25.4,100,0,0,,T
MSFT,20050310,9:31:42,25.4,300,0,0,,T
MSFT,20050310,9:31:42,25.4,100,0,0,,T
MSFT,20050310,9:31:42,25.4,100,0,0,,T
MSFT,20050310,9:31:42,25.4,100,0,0,,T
MSFT,20050310,9:31:42,25.4,800,0,0,,T
MSFT,20050310,9:31:42,25.4,100,0,0,,T
MSFT,20050310,9:31:42,25.4,300,0,0,,T
MSFT,20050310,9:31:42,25.4,200,0,0,,T
MSFT,20050310,9:31:42,25.4,600,0,0,,T
MSFT,20050310,9:31:42,25.4,400,0,0,,T
MSFT,20050310,9:31:42,25.4,100,0,0,,T
MSFT,20050310,9:31:42,25.4,100,0,0,,T
MSFT,20050310,9:31:42,25.4,500,0,0,,T
MSFT,20050310,9:31:42,25.4,700,0,0,,T
MSFT,20050310,9:31:42,25.4,1000,0,0,,T
MSFT,20050310,9:31:42,25.4,100,0,0,,T
MSFT,20050310,9:31:43,25.4,1600,0,0,,C
MSFT,20050310,9:31:43,25.4,2000,0,0,,C
MSFT,20050310,9:31:43,25.4,600,0,0,,C
MSFT,20050310,9:31:43,25.4,371,0,0,,C
MSFT,20050310,9:31:43,25.4,500,0,0,,C
MSFT,20050310,9:31:43,25.4,106,0,0,,C
MSFT,20050310,9:31:43,25.4,100,0,0,,T
MSFT,20050310,9:31:43,25.4,100,0,0,,T
MSFT,20050310,9:31:43,25.4,100,0,0,,T
MSFT,20050310,9:31:43,25.4,100,0,0,,T
MSFT,20050310,9:31:43,25.4,4600,0,0,,T
MSFT,20050310,9:31:43,25.4,299,0,0,,T
MSFT,20050310,9:31:43,25.4,29076,0,0,,T
MSFT,20050310,9:31:44,25.42,751,0,0,,T
MSFT,20050310,9:31:44,25.42,485,0,0,,T
MSFT,20050310,9:31:44,25.42,263,0,0,,T
MSFT,20050310,9:31:44,25.42,889,0,0,,T
MSFT,20050310,9:31:44,25.42,1852,0,0,,T
MSFT,20050310,9:31:44,25.41,100,0,0,,C
MSFT,20050310,9:31:44,25.41,500,0,0,,C
MSFT,20050310,9:31:44,25.41,1800,0,0,,C
MSFT,20050310,9:31:44,25.41,100,0,0,,P
MSFT,20050310,9:31:44,25.41,400,0,0,,T
MSFT,20050310,9:31:44,25.41,300,0,0,,T
MSFT,20050310,9:31:44,25.41,100,0,0,,T
MSFT,20050310,9:31:44,25.41,1000,0,0,,C
MSFT,20050310,9:31:45,25.41,100,0,0,,T
MSFT,20050310,9:31:45,25.41,300,0,0,,C
MSFT,20050310,9:31:45,25.41,100,0,0,,T
MSFT,20050310,9:31:45,25.41,200,0,0,,T
MSFT,20050310,9:31:45,25.41,100,0,0,,T
MSFT,20050310,9:31:45,25.41,6400,0,0,,T
MSFT,20050310,9:31:45,25.41,300,0,0,,T
MSFT,20050310,9:31:45,25.41,100,0,0,,C
MSFT,20050310,9:31:45,25.41,100,0,0,,T
MSFT,20050310,9:31:45,25.41,100,0,0,,T
MSFT,20050310,9:31:45,25.41,800,0,0,,T
MSFT,20050310,9:31:45,25.41,100,0,0,,T
MSFT,20050310,9:31:45,25.41,1000,0,0,,T
MSFT,20050310,9:31:46,25.41,2300,0,0,,T
MSFT,20050310,9:31:46,25.41,100,0,0,,T
MSFT,20050310,9:31:46,25.41,800,0,0,,T
MSFT,20050310,9:31:46,25.41,1000,0,0,,T
MSFT,20050310,9:31:47,25.41,500,0,0,,T
MSFT,20050310,9:31:47,25.42,100,0,0,,C
MSFT,20050310,9:31:48,25.41,684,0,0,,T
MSFT,20050310,9:31:49,25.419,215,0,0,,T
MSFT,20050310,9:31:49,25.42,1587,0,0,Z,T
MSFT,20050310,9:31:49,25.42,555,0,0,Z,T
MSFT,20050310,9:31:49,25.42,648,0,0,,T
MSFT,20050310,9:31:50,25.42,1102,0,0,,T
MSFT,20050310,9:31:50,25.42,100,0,0,,T
MSFT,20050310,9:31:50,25.42,2000,0,0,,T
MSFT,20050310,9:31:50,25.42,3898,0,0,,T
MSFT,20050310,9:31:50,25.42,200,0,0,,T
MSFT,20050310,9:31:50,25.42,1293,0,0,,T
MSFT,20050310,9:31:50,25.42,449,0,0,,T
MSFT,20050310,9:31:50,25.42,332,0,0,,T
MSFT,20050310,9:31:50,25.42,140,0,0,,T
MSFT,20050310,9:31:50,25.41,1000,0,0,,C
MSFT,20050310,9:31:50,25.41,600,0,0,,C
MSFT,20050310,9:31:50,25.41,2000,0,0,,C
MSFT,20050310,9:31:50,25.41,250,0,0,,C
MSFT,20050310,9:31:50,25.41,1000,0,0,,C
MSFT,20050310,9:31:50,25.41,150,0,0,,C
MSFT,20050310,9:31:52,25.4,5000,0,0,,T
MSFT,20050310,9:31:52,25.41,500,0,0,,T
MSFT,20050310,9:31:52,25.41,500,0,0,,T
MSFT,20050310,9:31:53,25.42,207,0,0,,T
MSFT,20050310,9:31:53,25.41,500,0,0,,T
MSFT,20050310,9:31:53,25.41,500,0,0,,T
MSFT,20050310,9:31:54,25.41,600,0,0,,T
MSFT,20050310,9:31:55,25.42,311,0,0,Z,T
MSFT,20050310,9:31:55,25.42,423,0,0,Z,T
MSFT,20050310,9:31:55,25.42,207,0,0,Z,T
MSFT,20050310,9:31:55,25.42,563,0,0,Z,T
MSFT,20050310,9:31:56,25.41,300,0,0,,T
MSFT,20050310,9:32:00,25.42,683,0,0,,C
MSFT,20050310,9:32:01,25.3999,145,0,0,,T
MSFT,20050310,9:32:02,25.42,100,0,0,,T
MSFT,20050310,9:32:02,25.418,100,0,0,,T
MSFT,20050310,9:32:03,25.3999,225,0,0,,T
MSFT,20050310,9:32:04,25.41,1100,0,0,,T
MSFT,20050310,9:32:04,25.41,400,0,0,,T
MSFT,20050310,9:32:04,25.41,850,0,0,,C
MSFT,20050310,9:32:04,25.41,600,0,0,,C
MSFT,20050310,9:32:04,25.41,600,0,0,,C
MSFT,20050310,9:32:04,25.41,1000,0,0,,C
MSFT,20050310,9:32:04,25.41,500,0,0,,C
MSFT,20050310,9:32:04,25.41,550,0,0,,C
MSFT,20050310,9:32:04,25.41,800,0,0,,T
MSFT,20050310,9:32:04,25.41,500,0,0,,T
MSFT,20050310,9:32:04,25.42,141,0,0,,T
MSFT,20050310,9:32:04,25.42,100,0,0,,T
MSFT,20050310,9:32:06,25.41,100,0,0,,T
MSFT,20050310,9:32:06,25.41,900,0,0,,T
MSFT,20050310,9:32:06,25.41,8500,0,0,,T
MSFT,20050310,9:32:08,25.41,300,0,0,,P
MSFT,20050310,9:32:08,25.41,500,0,0,,P
MSFT,20050310,9:32:08,25.41,100,0,0,,P
MSFT,20050310,9:32:08,25.41,300,0,0,,P
MSFT,20050310,9:32:08,25.41,1000,0,0,,T
MSFT,20050310,9:32:08,25.41,1900,0,0,,T
MSFT,20050310,9:32:08,25.41,200,0,0,,T
MSFT,20050310,9:32:08,25.41,200,0,0,,C
MSFT,20050310,9:32:08,25.41,700,0,0,,C
MSFT,20050310,9:32:08,25.41,100,0,0,,C
MSFT,20050310,9:32:08,25.41,100,0,0,,C
MSFT,20050310,9:32:08,25.41,300,0,0,,C
MSFT,20050310,9:32:08,25.41,801,0,0,,C
MSFT,20050310,9:32:08,25.41,200,0,0,,P
MSFT,20050310,9:32:08,25.41,200,0,0,,P
MSFT,20050310,9:32:08,25.41,100,0,0,,P
MSFT,20050310,9:32:08,25.41,100,0,0,,P
MSFT,20050310,9:32:08,25.41,100,0,0,,P
MSFT,20050310,9:32:08,25.41,100,0,0,,P
MSFT,20050310,9:32:09,25.41,200,0,0,,T
MSFT,20050310,9:32:09,25.41,1000,0,0,,T
MSFT,20050310,9:32:09,25.41,100,0,0,,T
MSFT,20050310,9:32:10,25.41,1100,0,0,,T
MSFT,20050310,9:32:10,25.41,200,0,0,,T
MSFT,20050310,9:32:10,25.41,800,0,0,,T
MSFT,20050310,9:32:10,25.41,200,0,0,,T
MSFT,20050310,9:32:10,25.41,1000,0,0,,C
MSFT,20050310,9:32:10,25.41,200,0,0,,C
MSFT,20050310,9:32:10,25.41,800,0,0,,C
MSFT,20050310,9:32:11,25.4,100,0,0,,T
MSFT,20050310,9:32:11,25.4,500,0,0,,T
MSFT,20050310,9:32:11,25.4,1500,0,0,,T
MSFT,20050310,9:32:11,25.4,900,0,0,,T
MSFT,20050310,9:32:11,25.4,1000,0,0,,T
MSFT,20050310,9:32:11,25.4,1000,0,0,,T
MSFT,20050310,9:32:12,25.4,100,0,0,,C
MSFT,20050310,9:32:12,25.4,100,0,0,,T
MSFT,20050310,9:32:12,25.41,1100,0,0,,T
MSFT,20050310,9:32:13,25.4199,300,0,0,,T
MSFT,20050310,9:32:17,25.3901,400,0,0,,T
MSFT,20050310,9:32:17,25.409,100,0,0,,T
MSFT,20050310,9:32:18,25.41,1000,0,0,,C
MSFT,20050310,9:32:19,25.4,2000,0,0,,T
MSFT,20050310,9:32:19,25.4,815,0,0,,T
MSFT,20050310,9:32:19,25.4,400,0,0,,T
MSFT,20050310,9:32:19,25.4,1000,0,0,,T
MSFT,20050310,9:32:19,25.4,323,0,0,,T
MSFT,20050310,9:32:19,25.4,1000,0,0,,T
MSFT,20050310,9:32:19,25.4,185,0,0,,T
MSFT,20050310,9:32:19,25.4,200,0,0,,T
MSFT,20050310,9:32:19,25.4,400,0,0,,T
MSFT,20050310,9:32:19,25.4,400,0,0,,T
MSFT,20050310,9:32:19,25.4,3262,0,0,,T
MSFT,20050310,9:32:20,25.4,2000,0,0,,T
MSFT,20050310,9:32:23,25.4199,290,0,0,,T
MSFT,20050310,9:32:25,25.4,260,0,0,,T
MSFT,20050310,9:32:25,25.3901,250,0,0,Z,T
MSFT,20050310,9:32:25,25.4,540,0,8,,T
MSFT,20050310,9:32:28,25.41,373,0,0,,C
MSFT,20050310,9:32:28,25.41,500,0,0,,T
MSFT,20050310,9:32:28,25.41,1000,0,0,,T
MSFT,20050310,9:32:29,25.4,400,0,0,,T
MSFT,20050310,9:32:30,25.4,100,0,0,,P
MSFT,20050310,9:32:30,25.4,100,0,8,,T
MSFT,20050310,9:32:31,25.41,500,0,0,,T
MSFT,20050310,9:32:32,25.41,227,0,0,,C
MSFT,20050310,9:32:32,25.41,146,0,0,,C
MSFT,20050310,9:32:33,25.41,400,0,0,,T
MSFT,20050310,9:32:33,25.41,100,0,0,,T
MSFT,20050310,9:32:33,25.41,400,0,0,,T
MSFT,20050310,9:32:33,25.4,200,0,0,,T
MSFT,20050310,9:32:36,25.4,4826,0,0,,T
MSFT,20050310,9:32:36,25.41,717,0,0,,T
MSFT,20050310,9:32:36,25.41,1100,0,0,,T
MSFT,20050310,9:32:37,25.4,100,0,0,,T
MSFT,20050310,9:32:45,25.4,200,0,0,,C
MSFT,20050310,9:32:45,25.4,100,0,0,,C
MSFT,20050310,9:32:45,25.4,100,0,0,,C
MSFT,20050310,9:32:45,25.4,100,0,0,,C
MSFT,20050310,9:32:45,25.4,100,0,0,,C
MSFT,20050310,9:32:45,25.4,100,0,0,,C
MSFT,20050310,9:32:45,25.4,100,0,0,,C
MSFT,20050310,9:32:45,25.4,100,0,0,,C
MSFT,20050310,9:32:45,25.4,100,0,0,,T
MSFT,20050310,9:32:46,25.4,330,0,0,,T
MSFT,20050310,9:32:46,25.4,100,0,0,,T
MSFT,20050310,9:32:46,25.4,100,0,0,,T
MSFT,20050310,9:32:46,25.4,100,0,0,,T
MSFT,20050310,9:32:46,25.4,100,0,0,,T
MSFT,20050310,9:32:47,25.4,100,0,0,,P
MSFT,20050310,9:32:47,25.4,100,0,0,,T
MSFT,20050310,9:32:47,25.4,300,0,0,,T
MSFT,20050310,9:32:47,25.4,100,0,0,,C
MSFT,20050310,9:32:47,25.4,100,0,0,,C
MSFT,20050310,9:32:47,25.4,100,0,0,,C
MSFT,20050310,9:32:47,25.4,100,0,0,,C
MSFT,20050310,9:32:47,25.4,100,0,0,,C
MSFT,20050310,9:32:47,25.4,100,0,0,,C
MSFT,20050310,9:32:47,25.4,100,0,0,,C
MSFT,20050310,9:32:47,25.4,100,0,0,,T
MSFT,20050310,9:32:47,25.4,400,0,0,,T
MSFT,20050310,9:32:47,25.4,100,0,0,,T
MSFT,20050310,9:32:47,25.4,100,0,0,,T
MSFT,20050310,9:32:47,25.4,100,0,0,,T
MSFT,20050310,9:32:48,25.4,100,0,0,,T
MSFT,20050310,9:32:48,25.4,600,0,0,,T
MSFT,20050310,9:32:48,25.4,200,0,0,,T
MSFT,20050310,9:32:48,25.4,100,0,0,,T
MSFT,20050310,9:32:48,25.4,200,0,0,,T
MSFT,20050310,9:32:48,25.4,100,0,0,,T
MSFT,20050310,9:32:48,25.4,100,0,0,,T
MSFT,20050310,9:32:48,25.4,100,0,0,,T
MSFT,20050310,9:32:48,25.4,100,0,0,,T
MSFT,20050310,9:32:48,25.4,200,0,0,,T
MSFT,20050310,9:32:48,25.4,100,0,0,,T
MSFT,20050310,9:32:48,25.4,800,0,0,,T
MSFT,20050310,9:32:48,25.4,200,0,0,,T
MSFT,20050310,9:32:48,25.4,500,0,0,,T
MSFT,20050310,9:32:48,25.4,500,0,0,,T
MSFT,20050310,9:32:48,25.4,200,0,0,,T
MSFT,20050310,9:32:48,25.4,500,0,0,,T
MSFT,20050310,9:32:48,25.4,500,0,0,,T
MSFT,20050310,9:32:48,25.4,200,0,0,,T
MSFT,20050310,9:32:49,25.4,800,0,0,,T
MSFT,20050310,9:32:50,25.4,1000,0,0,,T
MSFT,20050310,9:32:50,25.4,800,0,0,,T
MSFT,20050310,9:32:50,25.4,1000,0,0,,T
MSFT,20050310,9:32:50,25.4,200,0,0,,T
MSFT,20050310,9:32:50,25.4,500,0,0,,T
MSFT,20050310,9:32:50,25.4,500,0,0,,T
MSFT,20050310,9:32:50,25.4,400,0,0,,T
MSFT,20050310,9:32:50,25.4,900,0,0,,T
MSFT,20050310,9:32:50,25.4,1000,0,0,,T
MSFT,20050310,9:32:51,25.4,800,0,0,,T
MSFT,20050310,9:32:51,25.4,100,0,0,,T
MSFT,20050310,9:32:51,25.4,100,0,0,,T
MSFT,20050310,9:32:51,25.4,100,0,0,,T
MSFT,20050310,9:32:53,25.4,200,0,0,,T
MSFT,20050310,9:32:54,25.4,965,0,0,,C
MSFT,20050310,9:32:54,25.4,500,0,0,,C
MSFT,20050310,9:32:54,25.4,400,0,0,,C
MSFT,20050310,9:32:54,25.4,135,0,0,,C
MSFT,20050310,9:32:55,25.4,422,0,0,,C
MSFT,20050310,9:32:55,25.4,600,0,0,,C
MSFT,20050310,9:32:55,25.4,778,0,0,,C
MSFT,20050310,9:32:55,25.4,222,0,0,,C
MSFT,20050310,9:32:55,25.4,378,0,0,,C
MSFT,20050310,9:32:55,25.4,300,0,0,,C
MSFT,20050310,9:32:55,25.4,100,0,0,,C
MSFT,20050310,9:32:56,25.4,100,0,0,,C
MSFT,20050310,9:32:57,25.4,122,0,0,,C
MSFT,20050310,9:32:57,25.4,878,0,0,,C
MSFT,20050310,9:32:58,25.4,1122,0,0,,C
MSFT,20050310,9:32:58,25.4,422,0,0,,C
MSFT,20050310,9:32:58,25.4,278,0,0,,C
MSFT,20050310,9:32:58,25.4,322,0,0,,C
MSFT,20050310,9:32:59,25.4,200,0,0,,P
MSFT,20050310,9:32:59,25.4,100,0,0,,C
MSFT,20050310,9:32:59,25.4,200,0,0,,T
MSFT,20050310,9:32:59,25.4,100,0,0,,C
MSFT,20050310,9:32:59,25.4,400,0,0,,C
MSFT,20050310,9:32:59,25.4,1000,0,0,,C
MSFT,20050310,9:32:59,25.4,100,0,0,,C
MSFT,20050310,9:32:59,25.4,100,0,0,,T
MSFT,20050310,9:32:59,25.4,400,0,0,,T
MSFT,20050310,9:32:59,25.4,100,0,0,,P
MSFT,20050310,9:32:59,25.4,200,0,0,,C
MSFT,20050310,9:32:59,25.4,1000,0,0,,C
MSFT,20050310,9:32:59,25.4,200,0,0,,C
MSFT,20050310,9:32:59,25.4,400,0,0,,C
MSFT,20050310,9:33:00,25.4,400,0,0,,T
MSFT,20050310,9:33:00,25.4,300,0,0,,P
MSFT,20050310,9:33:00,25.4,200,0,0,,P
MSFT,20050310,9:33:00,25.4,300,0,0,,T
MSFT,20050310,9:33:00,25.4,200,0,0,,C
MSFT,20050310,9:33:00,25.4,200,0,0,,P
MSFT,20050310,9:33:00,25.4,300,0,0,,P
MSFT,20050310,9:33:00,25.4,150,0,0,,P
MSFT,20050310,9:33:00,25.4,100,0,0,,P
MSFT,20050310,9:33:00,25.4,200,0,0,,C
MSFT,20050310,9:33:00,25.4,300,0,0,,C
MSFT,20050310,9:33:00,25.4,100,0,0,,T
MSFT,20050310,9:33:00,25.4,100,0,0,,C
MSFT,20050310,9:33:00,25.4,1000,0,0,,T
MSFT,20050310,9:33:00,25.4,100,0,0,,C
MSFT,20050310,9:33:00,25.4,100,0,0,,C
MSFT,20050310,9:33:00,25.4,1000,0,0,,C
MSFT,20050310,9:33:01,25.41,300,0,0,,C
MSFT,20050310,9:33:01,25.41,200,0,0,,C
MSFT,20050310,9:33:01,25.41,354,0,0,,C
MSFT,20050310,9:33:01,25.41,100,0,0,,C
MSFT,20050310,9:33:01,25.41,100,0,0,,C
MSFT,20050310,9:33:01,25.41,154,0,0,,C
MSFT,20050310,9:33:01,25.41,100,0,0,,C
MSFT,20050310,9:33:01,25.4,1676,0,0,,T
MSFT,20050310,9:33:01,25.4,1000,0,0,,T
MSFT,20050310,9:33:01,25.4,400,0,0,,T
MSFT,20050310,9:33:01,25.4,1000,0,0,,T
MSFT,20050310,9:33:01,25.4,400,0,0,,T
MSFT,20050310,9:33:01,25.4,200,0,0,,T
MSFT,20050310,9:33:01,25.4,324,0,0,,T
MSFT,20050310,9:33:01,25.41,354,0,0,,C
MSFT,20050310,9:33:01,25.41,746,0,0,,C
MSFT,20050310,9:33:01,25.409,123,0,0,,T
MSFT,20050310,9:33:02,25.41,100,0,0,,T
MSFT,20050310,9:33:03,25.41,373,0,0,,C
MSFT,20050310,9:33:03,25.41,123,0,0,,T
MSFT,20050310,9:33:04,25.41,200,0,0,,T
MSFT,20050310,9:33:05,25.41,500,0,0,,T
MSFT,20050310,9:33:05,25.4,100,0,0,,C
MSFT,20050310,9:33:05,25.41,1500,0,0,,C
MSFT,20050310,9:33:06,25.4,300,0,0,,T
MSFT,20050310,9:33:06,25.41,127,0,0,,C
MSFT,20050310,9:33:06,25.41,873,0,0,,C
MSFT,20050310,9:33:06,25.4,600,0,0,,C
MSFT,20050310,9:33:06,25.4,250,0,0,,P
MSFT,20050310,9:33:06,25.4,100,0,0,,P
MSFT,20050310,9:33:06,25.4,100,0,0,,C
MSFT,20050310,9:33:07,25.4,100,0,0,,T
MSFT,20050310,9:33:07,25.4,300,0,0,,T
MSFT,20050310,9:33:07,25.4,200,0,0,,T
MSFT,20050310,9:33:07,25.4,1000,0,0,,T
MSFT,20050310,9:33:07,25.4,1000,0,0,,T
MSFT,20050310,9:33:07,25.4,400,0,0,,T
MSFT,20050310,9:33:07,25.4,2000,0,0,,T
MSFT,20050310,9:33:11,25.4,150,0,0,,P
MSFT,20050310,9:33:11,25.4,300,0,0,,T
MSFT,20050310,9:33:11,25.4,100,0,0,,T
MSFT,20050310,9:33:12,25.4,252,0,0,,C
MSFT,20050310,9:33:12,25.4,348,0,0,,C
MSFT,20050310,9:33:12,25.4,100,0,0,,C
MSFT,20050310,9:33:12,25.4,100,0,0,,P
MSFT,20050310,9:33:13,25.4,300,0,0,,T
MSFT,20050310,9:33:13,25.4,100,0,0,,P
MSFT,20050310,9:33:13,25.4,100,0,0,,T
MSFT,20050310,9:33:13,25.4,152,0,0,,C
MSFT,20050310,9:33:13,25.4,448,0,0,,C
MSFT,20050310,9:33:13,25.4,100,0,0,,C
MSFT,20050310,9:33:13,25.4018,600,0,0,,T
MSFT,20050310,9:33:15,25.4,100,0,0,,P
MSFT,20050310,9:33:15,25.4,100,0,0,,T
MSFT,20050310,9:33:16,25.4,248,0,0,,C
MSFT,20050310,9:33:16,25.4,100,0,0,,C
MSFT,20050310,9:33:16,25.4,100,0,0,,C
MSFT,20050310,9:33:16,25.4,100,0,0,,P
MSFT,20050310,9:33:16,25.4,100,0,0,,T
MSFT,20050310,9:33:16,25.4,100,0,0,,C
MSFT,20050310,9:33:16,25.4,148,0,0,,C
MSFT,20050310,9:33:16,25.4,200,0,0,,P
MSFT,20050310,9:33:16,25.4,100,0,0,,C
MSFT,20050310,9:33:18,25.41,1000,0,0,,T
MSFT,20050310,9:33:18,25.41,1000,0,0,,T
MSFT,20050310,9:33:18,25.41,1000,0,0,,C
MSFT,20050310,9:33:18,25.41,200,0,0,,C
MSFT,20050310,9:33:18,25.41,400,0,0,,C
MSFT,20050310,9:33:18,25.41,8400,0,0,,C
MSFT,20050310,9:33:18,25.41,1000,0,0,,C
MSFT,20050310,9:33:18,25.41,400,0,0,,C
MSFT,20050310,9:33:18,25.41,500,0,0,,C
MSFT,20050310,9:33:18,25.41,400,0,0,,C
MSFT,20050310,9:33:18,25.41,300,0,0,,C
MSFT,20050310,9:33:18,25.41,1000,0,0,,T
MSFT,20050310,9:33:18,25.41,500,0,0,,T
MSFT,20050310,9:33:18,25.41,1000,0,0,,T
MSFT,20050310,9:33:18,25.41,600,0,0,,P
MSFT,20050310,9:33:18,25.41,600,0,0,,P
MSFT,20050310,9:33:18,25.41,600,0,0,,P
MSFT,20050310,9:33:18,25.41,500,0,0,,P
MSFT,20050310,9:33:18,25.41,100,0,0,,P
MSFT,20050310,9:33:18,25.41,400,0,0,,P
MSFT,20050310,9:33:18,25.41,1000,0,0,,P
MSFT,20050310,9:33:18,25.41,2268,0,0,,P
MSFT,20050310,9:33:18,25.41,250,0,0,,P
MSFT,20050310,9:33:18,25.41,300,0,0,,P
MSFT,20050310,9:33:18,25.41,100,0,0,,P
MSFT,20050310,9:33:18,25.41,100,0,0,,P
MSFT,20050310,9:33:18,25.41,100,0,0,,P
MSFT,20050310,9:33:18,25.41,2000,0,0,,C
MSFT,20050310,9:33:18,25.41,100,0,0,,C
MSFT,20050310,9:33:18,25.41,250,0,0,,C
MSFT,20050310,9:33:18,25.41,1000,0,0,,C
MSFT,20050310,9:33:18,25.41,800,0,0,,C
MSFT,20050310,9:33:18,25.41,348,0,0,,C
MSFT,20050310,9:33:18,25.41,100,0,0,,C
MSFT,20050310,9:33:18,25.41,152,0,0,,C
MSFT,20050310,9:33:18,25.41,448,0,0,,C
MSFT,20050310,9:33:18,25.41,100,0,0,,C
MSFT,20050310,9:33:18,25.41,100,0,0,,C
MSFT,20050310,9:33:18,25.41,400,0,0,,C
MSFT,20050310,9:33:18,25.41,248,0,0,,C
MSFT,20050310,9:33:18,25.41,100,0,0,,C
MSFT,20050310,9:33:18,25.41,100,0,0,,C
MSFT,20050310,9:33:18,25.41,3000,0,0,,C
MSFT,20050310,9:33:18,25.41,100,0,0,,T
MSFT,20050310,9:33:18,25.41,1000,0,0,,T
MSFT,20050310,9:33:18,25.41,400,0,0,,T
MSFT,20050310,9:33:18,25.41,200,0,0,,T
MSFT,20050310,9:33:18,25.41,1000,0,0,,T
MSFT,20050310,9:33:18,25.41,1000,0,0,,T
MSFT,20050310,9:33:18,25.41,400,0,0,,T
MSFT,20050310,9:33:18,25.41,200,0,0,,T
MSFT,20050310,9:33:18,25.41,500,0,0,,T
MSFT,20050310,9:33:18,25.41,2000,0,0,,T
MSFT,20050310,9:33:18,25.41,877,0,0,,T
MSFT,20050310,9:33:18,25.41,400,0,0,,T
MSFT,20050310,9:33:18,25.41,400,0,0,,T
MSFT,20050310,9:33:18,25.41,100,0,0,,T
MSFT,20050310,9:33:18,25.41,400,0,0,,T
MSFT,20050310,9:33:18,25.41,2000,0,0,,T
MSFT,20050310,9:33:18,25.41,400,0,0,,T
MSFT,20050310,9:33:18,25.41,1000,0,0,,T
MSFT,20050310,9:33:18,25.41,1000,0,0,,T
MSFT,20050310,9:33:18,25.41,400,0,0,,T
MSFT,20050310,9:33:18,25.41,100,0,0,,T
MSFT,20050310,9:33:18,25.41,400,0,0,,T
MSFT,20050310,9:33:18,25.41,100,0,0,,T
MSFT,20050310,9:33:18,25.41,700,0,0,,C
MSFT,20050310,9:33:18,25.41,300,0,0,,C
MSFT,20050310,9:33:18,25.41,1000,0,0,,C
MSFT,20050310,9:33:18,25.41,400,0,0,,C
MSFT,20050310,9:33:18,25.41,900,0,0,,C
MSFT,20050310,9:33:18,25.41,200,0,0,,C
MSFT,20050310,9:33:18,25.41,100,0,0,,T
MSFT,20050310,9:33:19,25.41,100,0,0,,T
MSFT,20050310,9:33:20,25.41,100,0,0,,T
MSFT,20050310,9:33:20,25.41,400,0,0,,T
MSFT,20050310,9:33:20,25.42,100,0,0,,P
MSFT,20050310,9:33:20,25.42,200,0,0,,T
MSFT,20050310,9:33:20,25.42,800,0,0,,T
MSFT,20050310,9:33:20,25.41,800,0,0,,T
MSFT,20050310,9:33:20,25.42,100,0,0,,P
MSFT,20050310,9:33:20,25.42,100,0,0,,T
MSFT,20050310,9:33:20,25.42,100,0,0,,T
MSFT,20050310,9:33:20,25.41,300,0,0,,T
MSFT,20050310,9:33:20,25.42,100,0,0,,T
MSFT,20050310,9:33:20,25.42,100,0,0,,T
MSFT,20050310,9:33:20,25.41,200,0,0,,T
MSFT,20050310,9:33:20,25.42,100,0,0,,C
MSFT,20050310,9:33:20,25.42,100,0,0,,C
MSFT,20050310,9:33:20,25.42,100,0,0,,C
MSFT,20050310,9:33:20,25.42,100,0,0,,C
MSFT,20050310,9:33:20,25.42,100,0,0,,C
MSFT,20050310,9:33:20,25.42,100,0,0,,T
MSFT,20050310,9:33:20,25.42,100,0,0,,P
MSFT,20050310,9:33:21,25.42,100,0,0,,P
MSFT,20050310,9:33:21,25.42,400,0,0,,P
MSFT,20050310,9:33:21,25.42,100,0,0,,P
MSFT,20050310,9:33:21,25.42,700,0,0,,T
MSFT,20050310,9:33:21,25.42,400,0,0,,T
MSFT,20050310,9:33:21,25.42,300,0,0,,T
MSFT,20050310,9:33:22,25.42,100,0,0,,T
MSFT,20050310,9:33:25,25.42,1000,0,0,,T
MSFT,20050310,9:33:25,25.42,400,0,0,,T
MSFT,20050310,9:33:25,25.42,400,0,0,,T
MSFT,20050310,9:33:25,25.42,500,0,0,,T
MSFT,20050310,9:33:25,25.42,300,0,0,,T
MSFT,20050310,9:33:25,25.42,2000,0,0,,T
MSFT,20050310,9:33:25,25.42,400,0,0,,T
MSFT,20050310,9:33:25,25.43,500,0,0,,T
MSFT,20050310,9:33:25,25.43,1200,0,0,,C
MSFT,20050310,9:33:25,25.43,600,0,0,,C
MSFT,20050310,9:33:25,25.43,500,0,0,,C
MSFT,20050310,9:33:25,25.43,500,0,0,,C
MSFT,20050310,9:33:25,25.43,2000,0,0,,C
MSFT,20050310,9:33:25,25.43,1000,0,0,,C
MSFT,20050310,9:33:25,25.43,400,0,0,,C
MSFT,20050310,9:33:25,25.43,400,0,0,,C
MSFT,20050310,9:33:25,25.43,2000,0,0,,C
MSFT,20050310,9:33:25,25.43,900,0,0,,C
MSFT,20050310,9:33:26,25.42,235,0,0,,T
MSFT,20050310,9:33:26,25.43,100,0,0,,C
MSFT,20050310,9:33:29,25.43,100,0,0,,C
MSFT,20050310,9:33:29,25.43,300,0,0,,T
MSFT,20050310,9:33:30,25.43,600,0,0,,P
MSFT,20050310,9:33:30,25.43,400,0,0,,P
MSFT,20050310,9:33:31,25.43,100,0,0,,C
MSFT,20050310,9:33:32,25.43,100,0,0,,T
MSFT,20050310,9:33:32,25.43,100,0,0,,T
MSFT,20050310,9:33:32,25.42,100,0,0,,P
MSFT,20050310,9:33:32,25.42,100,0,0,,C
MSFT,20050310,9:33:33,25.43,100,0,0,,C
MSFT,20050310,9:33:33,25.43,100,0,0,,C
MSFT,20050310,9:33:33,25.43,100,0,0,,C
MSFT,20050310,9:33:33,25.43,768,0,0,,C
MSFT,20050310,9:33:33,25.43,2000,0,0,,C
MSFT,20050310,9:33:33,25.43,100,0,0,,T
MSFT,20050310,9:33:33,25.43,100,0,0,,T
MSFT,20050310,9:33:33,25.43,232,0,0,,P
MSFT,20050310,9:33:33,25.42,120,0,0,,T
MSFT,20050310,9:33:33,25.43,1300,0,0,,T
MSFT,20050310,9:33:33,25.41,100000,0,0,,T
MSFT,20050310,9:33:33,25.43,300,0,0,,P
MSFT,20050310,9:33:33,25.43,400,0,0,,P
MSFT,20050310,9:33:33,25.43,300,0,0,,P
MSFT,20050310,9:33:33,25.43,1968,0,0,,P
MSFT,20050310,9:33:34,25.43,100,0,0,,P
MSFT,20050310,9:33:34,25.43,100,0,0,,T
MSFT,20050310,9:33:35,25.43,100,0,0,,T
MSFT,20050310,9:33:35,25.43,100,0,0,,T
MSFT,20050310,9:33:35,25.43,100,0,0,,T
MSFT,20050310,9:33:35,25.43,100,0,0,,C
MSFT,20050310,9:33:35,25.43,300,0,0,,C
MSFT,20050310,9:33:35,25.43,100,0,0,,C
MSFT,20050310,9:33:36,25.43,1900,0,0,,C
MSFT,20050310,9:33:36,25.43,400,0,0,,C
MSFT,20050310,9:33:36,25.43,1000,0,0,,C
MSFT,20050310,9:33:36,25.43,1000,0,0,,C
MSFT,20050310,9:33:36,25.43,200,0,0,,C
MSFT,20050310,9:33:38,25.44,100,0,0,,T
MSFT,20050310,9:33:38,25.44,300,0,0,,T
MSFT,20050310,9:33:38,25.45,400,0,0,W,T
MSFT,20050310,9:33:39,25.43,700,0,0,,P
MSFT,20050310,9:33:39,25.43,300,0,0,,P
MSFT,20050310,9:33:39,25.43,500,0,0,,P
MSFT,20050310,9:33:39,25.43,100,0,0,,P
MSFT,20050310,9:33:39,25.43,100,0,0,,P
MSFT,20050310,9:33:39,25.43,300,0,0,,P
MSFT,20050310,9:33:40,25.43,100,0,0,,P
MSFT,20050310,9:33:40,25.43,800,0,0,,P
MSFT,20050310,9:33:40,25.43,100,0,0,,P
MSFT,20050310,9:33:40,25.43,200,0,0,,P
MSFT,20050310,9:33:40,25.43,100,0,0,,P
MSFT,20050310,9:33:40,25.43,250,0,0,,P
MSFT,20050310,9:33:40,25.43,800,0,0,,P
MSFT,20050310,9:33:40,25.43,750,0,0,,P
MSFT,20050310,9:33:40,25.43,200,0,0,,T
MSFT,20050310,9:33:40,25.43,100,0,0,,T
MSFT,20050310,9:33:40,25.43,700,0,0,,T
MSFT,20050310,9:33:40,25.439,1000,0,0,,T
MSFT,20050310,9:33:41,25.44,1800,0,0,,C
MSFT,20050310,9:33:41,25.44,100,0,0,,C
MSFT,20050310,9:33:41,25.44,3000,0,0,,C
MSFT,20050310,9:33:41,25.44,1000,0,0,,C
MSFT,20050310,9:33:41,25.44,2000,0,0,,C
MSFT,20050310,9:33:41,25.44,1000,0,0,,C
MSFT,20050310,9:33:41,25.44,200,0,0,,C
MSFT,20050310,9:33:41,25.44,400,0,0,,C
MSFT,20050310,9:33:41,25.44,600,0,0,,C
MSFT,20050310,9:33:41,25.44,100,0,0,,C
MSFT,20050310,9:33:41,25.44,500,0,0,,C
MSFT,20050310,9:33:41,25.44,400,0,0,,C
MSFT,20050310,9:33:41,25.44,1000,0,0,,C
MSFT,20050310,9:33:41,25.44,200,0,0,,C
MSFT,20050310,9:33:41,25.44,500,0,0,,P
MSFT,20050310,9:33:41,25.44,750,0,0,,P
MSFT,20050310,9:33:41,25.44,250,0,0,,C
MSFT,20050310,9:33:41,25.44,500,0,0,,C
MSFT,20050310,9:33:41,25.44,200,0,0,,C
MSFT,20050310,9:33:41,25.44,100,0,0,,T
MSFT,20050310,9:33:41,25.44,150,0,0,,P
MSFT,20050310,9:33:41,25.44,300,0,0,,P
MSFT,20050310,9:33:41,25.44,500,0,0,,P
MSFT,20050310,9:33:41,25.44,300,0,0,,P
MSFT,20050310,9:33:41,25.44,600,0,0,,P
MSFT,20050310,9:33:41,25.44,600,0,0,,P
MSFT,20050310,9:33:41,25.44,600,0,0,,P
MSFT,20050310,9:33:41,25.44,400,0,0,,P
MSFT,20050310,9:33:41,25.44,500,0,0,,P
MSFT,20050310,9:33:41,25.44,100,0,0,,P
MSFT,20050310,9:33:41,25.44,100,0,0,,P
MSFT,20050310,9:33:41,25.44,100,0,0,,P
MSFT,20050310,9:33:41,25.44,250,0,0,,P
MSFT,20050310,9:33:41,25.44,200,0,0,,T
MSFT,20050310,9:33:41,25.44,100,0,0,,T
MSFT,20050310,9:33:41,25.44,100,0,0,,T
MSFT,20050310,9:33:41,25.44,400,0,0,,T
MSFT,20050310,9:33:41,25.44,250,0,0,,P
MSFT,20050310,9:33:45,25.45,300,0,0,,M
MSFT,20050310,9:33:45,25.45,100,0,0,,P
MSFT,20050310,9:33:45,25.45,344,0,0,,T
MSFT,20050310,9:33:45,25.45,100,0,0,,T
MSFT,20050310,9:33:46,25.45,100,0,0,,P
MSFT,20050310,9:33:46,25.45,100,0,0,,P
MSFT,20050310,9:33:46,25.45,656,0,0,,T
MSFT,20050310,9:33:46,25.45,700,0,0,,M
MSFT,20050310,9:33:46,25.45,344,0,0,,T
MSFT,20050310,9:33:46,25.44,100,0,0,,C
MSFT,20050310,9:33:49,25.45,100,0,0,,C
MSFT,20050310,9:33:50,25.45,4656,0,0,,T
MSFT,20050310,9:33:50,25.45,800,0,0,,T
MSFT,20050310,9:33:50,25.45,400,0,0,,T
MSFT,20050310,9:33:50,25.45,600,0,0,,P
MSFT,20050310,9:33:50,25.45,600,0,0,,P
MSFT,20050310,9:33:50,25.45,400,0,0,,P
MSFT,20050310,9:33:50,25.45,600,0,0,,P
MSFT,20050310,9:33:50,25.45,600,0,0,,P
MSFT,20050310,9:33:50,25.45,600,0,0,,P
MSFT,20050310,9:33:50,25.45,100,0,0,,C
MSFT,20050310,9:33:50,25.45,100,0,0,,C
MSFT,20050310,9:33:50,25.45,100,0,0,,C
MSFT,20050310,9:33:50,25.45,100,0,0,,C
MSFT,20050310,9:33:50,25.45,100,0,0,,C
MSFT,20050310,9:33:50,25.45,400,0,0,,C
MSFT,20050310,9:33:50,25.45,500,0,0,,C
MSFT,20050310,9:33:50,25.45,100,0,0,,C
MSFT,20050310,9:33:50,25.45,500,0,0,,C
MSFT,20050310,9:33:50,25.45,100,0,0,,T
MSFT,20050310,9:33:50,25.45,100,0,0,,T
MSFT,20050310,9:33:50,25.45,800,0,0,,T
MSFT,20050310,9:33:50,25.45,200,0,0,,T
MSFT,20050310,9:33:50,25.45,344,0,0,,T
MSFT,20050310,9:33:50,25.45,100,0,0,,T
MSFT,20050310,9:33:50,25.45,100,0,0,,T
MSFT,20050310,9:33:50,25.45,600,0,0,,T
MSFT,20050310,9:33:50,25.45,800,0,0,,T
MSFT,20050310,9:33:50,25.45,100,0,0,,T
MSFT,20050310,9:33:50,25.45,456,0,0,,T
MSFT,20050310,9:33:50,25.45,400,0,0,,T
MSFT,20050310,9:33:50,25.46,100,0,0,,T
MSFT,20050310,9:33:50,25.45,1000,0,0,,C
MSFT,20050310,9:33:51,25.45,1500,0,0,,T
MSFT,20050310,9:33:51,25.46,400,0,0,,P
MSFT,20050310,9:33:51,25.46,300,0,0,,P
MSFT,20050310,9:33:51,25.46,300,0,0,,P
MSFT,20050310,9:33:53,25.45,500,0,0,,T
MSFT,20050310,9:33:53,25.45,200,0,0,,T
MSFT,20050310,9:33:53,25.45,800,0,0,,T
MSFT,20050310,9:33:53,25.45,400,0,0,,T
MSFT,20050310,9:33:53,25.45,600,0,0,,T
MSFT,20050310,9:33:54,25.45,100,0,0,,T
MSFT,20050310,9:33:54,25.45,400,0,0,,C
MSFT,20050310,9:33:54,25.46,700,0,0,,T
MSFT,20050310,9:33:54,25.46,1000,0,0,,T
MSFT,20050310,9:33:54,25.45,200,0,0,,T
MSFT,20050310,9:33:54,25.45,600,0,0,,C
MSFT,20050310,9:33:54,25.45,300,0,0,,C
MSFT,20050310,9:33:54,25.46,400,0,0,,T
MSFT,20050310,9:33:54,25.45,100,0,0,,P
MSFT,20050310,9:33:54,25.45,100,0,0,,T
MSFT,20050310,9:33:54,25.45,200,0,0,,T
MSFT,20050310,9:33:54,25.46,100,0,0,,P
MSFT,20050310,9:33:54,25.46,600,0,0,,P
MSFT,20050310,9:33:54,25.46,600,0,0,,P
MSFT,20050310,9:33:54,25.46,600,0,0,,P
MSFT,20050310,9:33:54,25.46,600,0,0,,P
MSFT,20050310,9:33:54,25.46,200,0,0,,C
MSFT,20050310,9:33:54,25.46,600,0,0,,P
MSFT,20050310,9:33:54,25.46,600,0,0,,C
MSFT,20050310,9:33:54,25.46,600,0,0,,P
MSFT,20050310,9:33:54,25.46,400,0,0,,P
MSFT,20050310,9:33:54,25.46,300,0,0,,P
MSFT,20050310,9:33:54,25.46,300,0,0,,P
MSFT,20050310,9:33:54,25.46,1500,0,0,,P
MSFT,20050310,9:33:55,25.46,1000,0,0,,M
MSFT,20050310,9:33:55,25.46,1900,0,0,,T
MSFT,20050310,9:33:55,25.46,100,0,0,,T
MSFT,20050310,9:33:55,25.46,1000,0,0,,T
MSFT,20050310,9:33:55,25.46,100,0,0,,T
MSFT,20050310,9:33:55,25.46,1000,0,0,,C
MSFT,20050310,9:33:55,25.46,600,0,0,,C
MSFT,20050310,9:33:55,25.46,200,0,0,,C
MSFT,20050310,9:33:55,25.46,400,0,0,,C
MSFT,20050310,9:33:55,25.47,2500,0,0,,C
MSFT,20050310,9:33:55,25.47,1800,0,0,,C
MSFT,20050310,9:33:55,25.47,400,0,0,,C
MSFT,20050310,9:33:55,25.47,300,0,0,,C
MSFT,20050310,9:33:55,25.47,400,0,0,,T
MSFT,20050310,9:33:55,25.47,800,0,0,,T
MSFT,20050310,9:33:55,25.47,100,0,0,,T
MSFT,20050310,9:33:55,25.47,400,0,0,,T
MSFT,20050310,9:33:55,25.47,200,0,0,,C
MSFT,20050310,9:33:55,25.47,200,0,0,,C
MSFT,20050310,9:33:55,25.47,800,0,0,,T
MSFT,20050310,9:33:55,25.47,600,0,0,,C
MSFT,20050310,9:33:55,25.47,600,0,0,,C
MSFT,20050310,9:33:55,25.47,100,0,0,,C
MSFT,20050310,9:33:55,25.47,900,0,0,,P
MSFT,20050310,9:33:55,25.47,400,0,0,,P
MSFT,20050310,9:33:55,25.47,300,0,0,,P
MSFT,20050310,9:33:55,25.47,300,0,0,,P
MSFT,20050310,9:33:55,25.47,3600,0,0,,P
MSFT,20050310,9:33:55,25.47,100,0,0,,T
MSFT,20050310,9:33:55,25.47,1000,0,0,,P
MSFT,20050310,9:33:55,25.47,100,0,0,,T
MSFT,20050310,9:33:55,25.47,100,0,0,,T
MSFT,20050310,9:33:55,25.47,692,0,0,,T
MSFT,20050310,9:33:55,25.47,808,0,0,,T
MSFT,20050310,9:33:55,25.47,600,0,0,,T
MSFT,20050310,9:33:55,25.47,100,0,0,,T
MSFT,20050310,9:33:55,25.47,800,0,0,,T
MSFT,20050310,9:33:55,25.47,100,0,0,,T
MSFT,20050310,9:33:55,25.47,100,0,0,,T
MSFT,20050310,9:33:55,25.47,5100,0,0,,T
MSFT,20050310,9:33:55,25.47,100,0,0,,T
MSFT,20050310,9:33:55,25.47,100,0,0,,T
MSFT,20050310,9:33:55,25.47,800,0,0,,T
MSFT,20050310,9:33:55,25.47,100,0,0,,T
MSFT,20050310,9:33:55,25.47,1000,0,0,,P
MSFT,20050310,9:33:56,25.47,1400,0,0,,P
MSFT,20050310,9:33:56,25.46,1000,0,0,,T
MSFT,20050310,9:33:56,25.47,100,0,0,,P
MSFT,20050310,9:33:56,25.47,500,0,0,,P
MSFT,20050310,9:33:56,25.47,800,0,0,,T
MSFT,20050310,9:33:56,25.47,300,0,0,,P
MSFT,20050310,9:33:56,25.47,100,0,0,,P
MSFT,20050310,9:33:56,25.47,1000,0,0,,P
MSFT,20050310,9:33:57,25.47,200,0,0,,P
MSFT,20050310,9:33:57,25.47,100,0,0,,P
MSFT,20050310,9:33:57,25.47,100,0,0,,P
MSFT,20050310,9:33:58,25.47,300,0,0,,P
MSFT,20050310,9:33:58,25.47,300,0,0,,P
MSFT,20050310,9:33:58,25.47,300,0,0,,P
MSFT,20050310,9:33:58,25.47,100,0,0,,P
MSFT,20050310,9:33:58,25.47,300,0,0,,P
MSFT,20050310,9:33:58,25.47,200,0,0,,P
MSFT,20050310,9:33:58,25.47,600,0,0,,P
MSFT,20050310,9:33:58,25.47,600,0,0,,P
MSFT,20050310,9:33:58,25.47,600,0,0,,P
MSFT,20050310,9:33:58,25.47,400,0,0,,P
MSFT,20050310,9:33:58,25.47,100,0,0,,T
MSFT,20050310,9:33:58,25.47,100,0,0,,T
MSFT,20050310,9:33:58,25.47,1800,0,0,,T
MSFT,20050310,9:33:58,25.47,300,0,0,,T
MSFT,20050310,9:33:58,25.47,100,0,0,,T
MSFT,20050310,9:33:58,25.47,100,0,0,,T
MSFT,20050310,9:33:58,25.47,100,0,0,,T
MSFT,20050310,9:33:58,25.47,3700,0,0,,T
MSFT,20050310,9:33:58,25.47,100,0,0,,T
MSFT,20050310,9:33:58,25.47,1700,0,0,,T
MSFT,20050310,9:33:58,25.47,100,0,0,,T
MSFT,20050310,9:33:59,25.47,500,0,0,,T
MSFT,20050310,9:33:59,25.47,200,0,0,,T
MSFT,20050310,9:33:59,25.47,300,0,0,,T
MSFT,20050310,9:33:59,25.47,1000,0,0,,C
MSFT,20050310,9:33:59,25.47,100,0,0,,T
MSFT,20050310,9:33:59,25.47,100,0,0,,P
MSFT,20050310,9:33:59,25.47,100,0,0,,T
MSFT,20050310,9:33:59,25.47,100,0,0,,T
MSFT,20050310,9:34:00,25.47,100,0,0,,C
MSFT,20050310,9:34:00,25.47,150,0,0,,P
MSFT,20050310,9:34:00,25.47,500,0,0,,P
MSFT,20050310,9:34:00,25.47,100,0,0,,C
MSFT,20050310,9:34:00,25.47,800,0,0,,C
MSFT,20050310,9:34:00,25.47,400,0,0,,C
MSFT,20050310,9:34:00,25.47,1000,0,0,,C
MSFT,20050310,9:34:00,25.47,500,0,0,,C
MSFT,20050310,9:34:00,25.47,1000,0,0,,C
MSFT,20050310,9:34:00,25.47,400,0,0,,C
MSFT,20050310,9:34:00,25.47,1000,0,0,,C
MSFT,20050310,9:34:00,25.47,548,0,0,,C
MSFT,20050310,9:34:00,25.47,250,0,0,,C
MSFT,20050310,9:34:00,25.47,400,0,0,,C
MSFT,20050310,9:34:00,25.47,200,0,0,,C
MSFT,20050310,9:34:00,25.47,100,0,0,,P
MSFT,20050310,9:34:00,25.47,500,0,0,,P
MSFT,20050310,9:34:00,25.47,200,0,0,,P
MSFT,20050310,9:34:00,25.47,100,0,0,,P
MSFT,20050310,9:34:00,25.47,100,0,0,,P
MSFT,20050310,9:34:00,25.47,800,0,0,,P
MSFT,20050310,9:34:00,25.46,500,0,0,,P
MSFT,20050310,9:34:01,25.47,548,0,0,,C
MSFT,20050310,9:34:01,25.47,1000,0,0,,C
MSFT,20050310,9:34:01,25.47,1000,0,0,,C
MSFT,20050310,9:34:01,25.47,400,0,0,,C
MSFT,20050310,9:34:01,25.47,600,0,0,,C
MSFT,20050310,9:34:01,25.47,200,0,0,,C
MSFT,20050310,9:34:01,25.47,500,0,0,,C
MSFT,20050310,9:34:01,25.47,600,0,0,,C
MSFT,20050310,9:34:01,25.47,100,0,0,,C
MSFT,20050310,9:34:01,25.47,100,0,0,,C
MSFT,20050310,9:34:01,25.47,100,0,0,,C
MSFT,20050310,9:34:01,25.47,100,0,0,,C
MSFT,20050310,9:34:01,25.47,100,0,0,,C
MSFT,20050310,9:34:01,25.46,500,0,0,,T
MSFT,20050310,9:34:01,25.47,2000,0,0,,T
MSFT,20050310,9:34:01,25.47,300,0,0,,C
MSFT,20050310,9:34:01,25.47,1000,0,0,,C
MSFT,20050310,9:34:01,25.47,600,0,0,,C
MSFT,20050310,9:34:01,25.47,600,0,0,,C
MSFT,20050310,9:34:01,25.47,400,0,0,,C
MSFT,20050310,9:34:01,25.47,2000,0,0,,C
MSFT,20050310,9:34:01,25.47,600,0,0,,C
MSFT,20050310,9:34:01,25.47,700,0,0,,T
MSFT,20050310,9:34:01,25.47,1000,0,0,,C
MSFT,20050310,9:34:01,25.47,400,0,0,,C
MSFT,20050310,9:34:01,25.47,750,0,0,,C
MSFT,20050310,9:34:01,25.47,400,0,0,,P
MSFT,20050310,9:34:01,25.47,500,0,0,,C
MSFT,20050310,9:34:01,25.47,100,0,0,,P
MSFT,20050310,9:34:01,25.47,1000,0,0,,C
MSFT,20050310,9:34:01,25.47,150,0,0,,P
MSFT,20050310,9:34:01,25.47,400,0,0,,C
MSFT,20050310,9:34:01,25.47,500,0,0,,C
MSFT,20050310,9:34:01,25.47,200,0,0,,C
MSFT,20050310,9:34:01,25.47,1000,0,0,,C
MSFT,20050310,9:34:02,25.47,2300,0,0,,T
MSFT,20050310,9:34:02,25.47,7250,0,0,,T
MSFT,20050310,9:34:02,25.47,100,0,0,,T
MSFT,20050310,9:34:02,25.47,100,0,0,,T
MSFT,20050310,9:34:02,25.47,100,0,0,,C
MSFT,20050310,9:34:02,25.47,100,0,0,,T
MSFT,20050310,9:34:02,25.47,100,0,0,,T
MSFT,20050310,9:34:02,25.47,100,0,0,,T
MSFT,20050310,9:34:02,25.47,100,0,0,,T
MSFT,20050310,9:34:02,25.47,100,0,0,,T
MSFT,20050310,9:34:02,25.47,1500,0,0,,T
MSFT,20050310,9:34:02,25.47,100,0,0,,T
MSFT,20050310,9:34:03,25.47,100,0,0,,T
MSFT,20050310,9:34:03,25.47,100,0,0,,T
MSFT,20050310,9:34:03,25.47,100,0,0,,T
MSFT,20050310,9:34:04,25.47,100,0,0,,T
MSFT,20050310,9:34:04,25.47,400,0,0,,T
MSFT,20050310,9:34:04,25.47,1000,0,0,,T
MSFT,20050310,9:34:04,25.47,1000,0,0,,T
MSFT,20050310,9:34:05,25.47,100,0,0,,T
MSFT,20050310,9:34:05,25.47,100,0,0,,T
MSFT,20050310,9:34:05,25.47,500,0,0,,P
MSFT,20050310,9:34:05,25.47,250,0,0,,P
MSFT,20050310,9:34:05,25.47,200,0,0,,P
MSFT,20050310,9:34:05,25.47,100,0,0,,P
MSFT,20050310,9:34:05,25.47,800,0,0,,P
MSFT,20050310,9:34:05,25.47,400,0,0,,C
MSFT,20050310,9:34:06,25.47,500,0,0,,C
MSFT,20050310,9:34:06,25.47,600,0,0,,C
MSFT,20050310,9:34:06,25.47,1000,0,0,,T
MSFT,20050310,9:34:08,25.47,600,0,0,,P
MSFT,20050310,9:34:08,25.47,400,0,0,,P
MSFT,20050310,9:34:08,25.47,350,0,0,,C
MSFT,20050310,9:34:08,25.47,400,0,0,,C
MSFT,20050310,9:34:08,25.47,1518,0,0,,C
MSFT,20050310,9:34:11,25.47,482,0,0,,C
MSFT,20050310,9:34:11,25.47,1000,0,0,,C
MSFT,20050310,9:34:11,25.47,1000,0,0,,C
MSFT,20050310,9:34:11,25.47,400,0,0,,C
MSFT,20050310,9:34:11,25.47,400,0,0,,C
MSFT,20050310,9:34:11,25.47,500,0,0,,C
MSFT,20050310,9:34:11,25.47,600,0,0,,C
MSFT,20050310,9:34:11,25.47,600,0,0,,C
MSFT,20050310,9:34:11,25.47,200,0,0,,C
MSFT,20050310,9:34:11,25.47,400,0,0,,C
MSFT,20050310,9:34:11,25.47,400,0,0,,C
MSFT,20050310,9:34:11,25.46,1000,0,0,,T
MSFT,20050310,9:34:11,25.46,500,0,0,,T
MSFT,20050310,9:34:11,25.46,400,0,0,,T
MSFT,20050310,9:34:11,25.46,100,0,0,,T
MSFT,20050310,9:34:11,25.46,600,0,0,,T
MSFT,20050310,9:34:11,25.46,300,0,0,,T
MSFT,20050310,9:34:11,25.46,100,0,0,,T
MSFT,20050310,9:34:11,25.46,400,0,0,,C
MSFT,20050310,9:34:11,25.46,400,0,0,,C
MSFT,20050310,9:34:11,25.46,1468,0,0,,C
MSFT,20050310,9:34:11,25.46,100,0,0,,P
MSFT,20050310,9:34:11,25.46,100,0,0,,P
MSFT,20050310,9:34:11,25.46,100,0,0,,T
MSFT,20050310,9:34:11,25.46,300,0,0,,T
MSFT,20050310,9:34:11,25.46,400,0,0,,T
MSFT,20050310,9:34:11,25.46,100,0,0,,T
MSFT,20050310,9:34:12,25.46,100,0,0,,T
MSFT,20050310,9:34:12,25.46,100,0,0,,T
MSFT,20050310,9:34:12,25.46,100,0,0,,T
MSFT,20050310,9:34:12,25.46,100,0,0,,T
MSFT,20050310,9:34:12,25.46,100,0,0,,T
MSFT,20050310,9:34:12,25.46,100,0,0,,T
MSFT,20050310,9:34:12,25.46,100,0,0,,T
MSFT,20050310,9:34:12,25.46,1000,0,0,,C
MSFT,20050310,9:34:12,25.46,400,0,0,,C
MSFT,20050310,9:34:12,25.46,100,0,0,,T
MSFT,20050310,9:34:12,25.46,100,0,0,,T
MSFT,20050310,9:34:12,25.46,400,0,0,,T
MSFT,20050310,9:34:12,25.46,800,0,0,,T
MSFT,20050310,9:34:12,25.46,300,0,0,,T
MSFT,20050310,9:34:13,25.46,100,0,0,,T
MSFT,20050310,9:34:13,25.46,1000,0,0,,T
MSFT,20050310,9:34:14,25.46,1000,0,0,,C
MSFT,20050310,9:34:14,25.46,500,0,0,,C
MSFT,20050310,9:34:15,25.458,100,0,0,,T
MSFT,20050310,9:34:16,25.46,1000,0,0,,T
MSFT,20050310,9:34:16,25.46,100,0,0,,C
MSFT,20050310,9:34:16,25.46,600,0,0,,T
MSFT,20050310,9:34:17,25.45,100,0,0,,C
MSFT,20050310,9:34:17,25.45,400,0,0,,C
MSFT,20050310,9:34:17,25.45,400,0,0,,C
MSFT,20050310,9:34:17,25.45,1000,0,0,,C
MSFT,20050310,9:34:17,25.45,2000,0,0,,C
MSFT,20050310,9:34:17,25.45,1000,0,0,,C
MSFT,20050310,9:34:17,25.45,100,0,0,,T
MSFT,20050310,9:34:17,25.45,1500,0,0,,T
MSFT,20050310,9:34:17,25.45,1000,0,0,,T
MSFT,20050310,9:34:17,25.45,400,0,0,,T
MSFT,20050310,9:34:18,25.45,100,0,0,,C
MSFT,20050310,9:34:18,25.46,100,0,0,,T
MSFT,20050310,9:34:18,25.46,400,0,0,,T
MSFT,20050310,9:34:18,25.46,400,0,0,,T
MSFT,20050310,9:34:18,25.46,100,0,0,,T
MSFT,20050310,9:34:19,25.46,1000,0,0,,T
MSFT,20050310,9:34:19,25.46,200,0,0,,T
MSFT,20050310,9:34:19,25.46,300,0,0,,T
MSFT,20050310,9:34:19,25.46,800,0,0,,T
MSFT,20050310,9:34:19,25.46,1000,0,0,,T
MSFT,20050310,9:34:21,25.46,69100,0,0,,T
MSFT,20050310,9:34:21,25.46,400,0,0,,T
MSFT,20050310,9:34:21,25.46,400,0,0,,T
MSFT,20050310,9:34:21,25.46,2000,0,0,,T
MSFT,20050310,9:34:21,25.46,1000,0,0,,T
MSFT,20050310,9:34:21,25.46,500,0,0,,T
MSFT,20050310,9:34:21,25.46,1000,0,0,,T
MSFT,20050310,9:34:21,25.46,1000,0,0,,T
MSFT,20050310,9:34:21,25.46,800,0,0,,T
MSFT,20050310,9:34:21,25.46,400,0,0,,T
MSFT,20050310,9:34:21,25.46,400,0,0,,T
MSFT,20050310,9:34:21,25.46,500,0,0,,T
MSFT,20050310,9:34:21,25.46,1000,0,0,,T
MSFT,20050310,9:34:21,25.46,400,0,0,,T
MSFT,20050310,9:34:21,25.46,800,0,0,,T
MSFT,20050310,9:34:21,25.46,1000,0,0,,T
MSFT,20050310,9:34:21,25.46,200,0,0,,T
MSFT,20050310,9:34:21,25.46,400,0,0,,T
MSFT,20050310,9:34:21,25.46,300,0,0,,T
MSFT,20050310,9:34:21,25.46,1000,0,0,,T
MSFT,20050310,9:34:21,25.46,400,0,0,,T
MSFT,20050310,9:34:21,25.46,400,0,0,,T
MSFT,20050310,9:34:21,25.46,1000,0,0,,T
MSFT,20050310,9:34:21,25.46,1000,0,0,,T
MSFT,20050310,9:34:21,25.46,1000,0,0,,T
MSFT,20050310,9:34:21,25.46,800,0,0,,T
MSFT,20050310,9:34:21,25.46,800,0,0,,T
MSFT,20050310,9:34:21,25.46,2000,0,0,,T
MSFT,20050310,9:34:21,25.46,800,0,0,,T
MSFT,20050310,9:34:22,25.451,150,0,0,,T
MSFT,20050310,9:34:23,25.46,100,0,0,,T
MSFT,20050310,9:34:23,25.46,100,0,0,,P
MSFT,20050310,9:34:23,25.46,200,0,0,,P
MSFT,20050310,9:34:23,25.46,100,0,0,,C
MSFT,20050310,9:34:23,25.46,100,0,0,,C
MSFT,20050310,9:34:23,25.46,100,0,0,,C
MSFT,20050310,9:34:23,25.46,100,0,0,,C
MSFT,20050310,9:34:23,25.46,200,0,0,,C
MSFT,20050310,9:34:23,25.46,600,0,0,,C
MSFT,20050310,9:34:23,25.46,200,0,0,,T
MSFT,20050310,9:34:23,25.46,400,0,0,,C
MSFT,20050310,9:34:23,25.46,400,0,0,,C
MSFT,20050310,9:34:23,25.46,400,0,0,,T
MSFT,20050310,9:34:23,25.46,100,0,0,,T
MSFT,20050310,9:34:23,25.46,100,0,0,,T
MSFT,20050310,9:34:23,25.46,400,0,0,,T
MSFT,20050310,9:34:23,25.46,1000,0,0,,T
MSFT,20050310,9:34:23,25.46,400,0,0,,T
MSFT,20050310,9:34:23,25.46,400,0,0,,T
MSFT,20050310,9:34:23,25.46,400,0,0,,T
MSFT,20050310,9:34:23,25.46,2000,0,0,,T
MSFT,20050310,9:34:23,25.46,400,0,0,,T
MSFT,20050310,9:34:24,25.46,600,0,0,,T
MSFT,20050310,9:34:24,25.47,100,0,0,,C
MSFT,20050310,9:34:24,25.47,100,0,0,,C
MSFT,20050310,9:34:24,25.47,100,0,0,,C
MSFT,20050310,9:34:24,25.47,100,0,0,,C
MSFT,20050310,9:34:24,25.47,100,0,0,,C
MSFT,20050310,9:34:24,25.47,100,0,0,,C
MSFT,20050310,9:34:24,25.47,300,0,0,,T
MSFT,20050310,9:34:24,25.47,800,0,0,,T
MSFT,20050310,9:34:24,25.47,800,0,0,,T
MSFT,20050310,9:34:24,25.47,600,0,0,,T
MSFT,20050310,9:34:25,25.47,600,0,0,,P
MSFT,20050310,9:34:25,25.47,600,0,0,,P
MSFT,20050310,9:34:25,25.47,400,0,0,,P
MSFT,20050310,9:34:25,25.47,500,0,0,,P
MSFT,20050310,9:34:25,25.47,100,0,0,,C
MSFT,20050310,9:34:25,25.47,100,0,0,,C
MSFT,20050310,9:34:25,25.46,216,0,0,,C
MSFT,20050310,9:34:25,25.47,200,0,0,,C
MSFT,20050310,9:34:25,25.47,100,0,0,,T
MSFT,20050310,9:34:25,25.47,100,0,0,,T
MSFT,20050310,9:34:25,25.47,400,0,0,,T
MSFT,20050310,9:34:25,25.47,100,0,0,,T
MSFT,20050310,9:34:25,25.47,100,0,0,,T
MSFT,20050310,9:34:25,25.47,750,0,0,,T
MSFT,20050310,9:34:25,25.47,400,0,0,,T
MSFT,20050310,9:34:25,25.47,100,0,0,,T
MSFT,20050310,9:34:25,25.47,100,0,0,,T
MSFT,20050310,9:34:25,25.47,800,0,0,,T
MSFT,20050310,9:34:25,25.47,1000,0,0,,C
MSFT,20050310,9:34:25,25.47,1000,0,0,,C
MSFT,20050310,9:34:25,25.47,251,0,0,,C
MSFT,20050310,9:34:25,25.47,2000,0,0,,T
MSFT,20050310,9:34:26,25.48,900,0,0,,T
MSFT,20050310,9:34:26,25.48,100,0,0,,T
MSFT,20050310,9:34:27,25.4799,200,0,0,,M
MSFT,20050310,9:34:29,25.48,200,0,0,,T
MSFT,20050310,9:34:29,25.48,100,0,0,,T
MSFT,20050310,9:34:29,25.48,800,0,0,,T
MSFT,20050310,9:34:29,25.48,800,0,0,,T
MSFT,20050310,9:34:29,25.48,400,0,0,,T
MSFT,20050310,9:34:29,25.48,1000,0,0,,T
MSFT,20050310,9:34:30,25.479,1000,0,0,,T
MSFT,20050310,9:34:30,25.48,800,0,0,,T
MSFT,20050310,9:34:30,25.48,100,0,0,,T
MSFT,20050310,9:34:30,25.48,200,0,0,,T
MSFT,20050310,9:34:30,25.48,400,0,0,,T
MSFT,20050310,9:34:30,25.48,400,0,0,,C
MSFT,20050310,9:34:30,25.48,800,0,0,,T
MSFT,20050310,9:34:31,25.48,1400,0,0,,C
MSFT,20050310,9:34:31,25.48,400,0,0,,P
MSFT,20050310,9:34:31,25.48,600,0,0,,P
MSFT,20050310,9:34:34,25.4792,1000,0,0,,T
MSFT,20050310,9:34:35,25.48,2000,0,0,,T
MSFT,20050310,9:34:35,25.48,1900,0,0,,P
MSFT,20050310,9:34:35,25.48,300,0,0,,P
MSFT,20050310,9:34:35,25.48,600,0,0,,P
MSFT,20050310,9:34:35,25.48,600,0,0,,P
MSFT,20050310,9:34:35,25.48,600,0,0,,P
MSFT,20050310,9:34:35,25.48,400,0,0,,P
MSFT,20050310,9:34:35,25.48,100,0,0,,P
MSFT,20050310,9:34:35,25.48,400,0,0,,P
MSFT,20050310,9:34:35,25.48,300,0,0,,P
MSFT,20050310,9:34:35,25.48,100,0,0,,C
MSFT,20050310,9:34:35,25.48,100,0,0,,C
MSFT,20050310,9:34:35,25.48,300,0,0,,T
MSFT,20050310,9:34:35,25.48,400,0,0,,T
MSFT,20050310,9:34:35,25.48,100,0,0,,T
MSFT,20050310,9:34:35,25.48,2000,0,0,,T
MSFT,20050310,9:34:35,25.48,400,0,0,,T
MSFT,20050310,9:34:35,25.48,100,0,0,,T
MSFT,20050310,9:34:35,25.48,100,0,0,,C
MSFT,20050310,9:34:35,25.48,1000,0,0,,C
MSFT,20050310,9:34:35,25.48,251,0,0,,C
MSFT,20050310,9:34:35,25.48,100,0,0,,C
MSFT,20050310,9:34:35,25.48,200,0,0,,T
MSFT,20050310,9:34:35,25.48,400,0,0,,T
MSFT,20050310,9:34:35,25.48,400,0,0,,T
MSFT,20050310,9:34:35,25.48,400,0,0,,T
MSFT,20050310,9:34:35,25.48,200,0,0,,T
MSFT,20050310,9:34:35,25.48,100,0,0,,T
MSFT,20050310,9:34:35,25.48,800,0,0,,T
MSFT,20050310,9:34:35,25.48,2276,0,0,,T
MSFT,20050310,9:34:35,25.48,400,0,0,,P
MSFT,20050310,9:34:35,25.48,1000,0,0,,T
MSFT,20050310,9:34:35,25.48,100,0,0,,T
MSFT,20050310,9:34:35,25.48,100,0,0,,T
MSFT,20050310,9:34:35,25.48,100,0,0,,T
MSFT,20050310,9:34:35,25.48,100,0,0,,T
MSFT,20050310,9:34:35,25.48,100,0,0,,T
MSFT,20050310,9:34:35,25.48,2100,0,0,,T
MSFT,20050310,9:34:36,25.48,800,0,0,,T
MSFT,20050310,9:34:36,25.48,800,0,0,,T
MSFT,20050310,9:34:36,25.4799,400,0,0,,T
MSFT,20050310,9:34:36,25.48,800,0,0,,T
MSFT,20050310,9:34:36,25.48,250,0,0,,P
MSFT,20050310,9:34:36,25.48,200,0,0,,P
MSFT,20050310,9:34:36,25.48,100,0,0,,P
MSFT,20050310,9:34:36,25.48,1718,0,0,,P
MSFT,20050310,9:34:36,25.48,800,0,0,,T
MSFT,20050310,9:34:37,25.48,800,0,0,,T
MSFT,20050310,9:34:38,25.48,100,0,0,,C
MSFT,20050310,9:34:38,25.48,300,0,0,,C
MSFT,20050310,9:34:38,25.48,1951,0,0,,C
MSFT,20050310,9:34:39,25.48,100,0,0,,P
MSFT,20050310,9:34:39,25.48,1000,0,0,,C
MSFT,20050310,9:34:39,25.48,1000,0,0,,C
MSFT,20050310,9:34:39,25.48,400,0,0,,C
MSFT,20050310,9:34:39,25.48,500,0,0,,C
MSFT,20050310,9:34:39,25.48,1000,0,0,,C
MSFT,20050310,9:34:39,25.48,400,0,0,,C
MSFT,20050310,9:34:39,25.48,1000,0,0,,C
MSFT,20050310,9:34:39,25.48,400,0,0,,C
MSFT,20050310,9:34:39,25.48,250,0,0,,C
MSFT,20050310,9:34:39,25.48,100,0,0,,C
MSFT,20050310,9:34:39,25.48,200,0,0,,C
MSFT,20050310,9:34:39,25.48,600,0,0,,C
MSFT,20050310,9:34:39,25.48,600,0,0,,C
MSFT,20050310,9:34:39,25.48,101,0,0,,C
MSFT,20050310,9:34:39,25.48,400,0,0,,T
MSFT,20050310,9:34:40,25.48,2000,0,0,,T
MSFT,20050310,9:34:40,25.48,2000,0,0,,T
